<?xml version="1.0" encoding="UTF-8"?>
<!DOCTYPE html PUBLIC "-//W3C//DTD XHTML 1.0 Transitional//EN"
    "http://www.w3.org/TR/xhtml1/DTD/xhtml1-transitional.dtd">
<html xmlns="http://www.w3.org/1999/xhtml" xml:lang="en" lang="en">
 <head>
  <title>
</title>
<meta http-equiv="Content-Type" content="text/html;charset=utf-8" />
  <meta name='ocr-system' content='tesseract 3.04.00' />
  <meta name='ocr-capabilities' content='ocr_page ocr_carea ocr_par ocr_line ocrx_word'/>
</head>
<body>
  <div class='ocr_page' id='page_1' title='image "./analectaovidian00zlgoog_0014.png"; bbox 0 0 3214 4854; ppageno 0'>
   <div class='ocr_carea' id='block_1_1' title="bbox 678 243 890 367">
    <p class='ocr_par' dir='ltr' id='par_1_1' title="bbox 678 233 890 367">
     <span class='ocr_line' id='line_1_1' title="bbox 678 243 890 367; baseline 0 -115"><span class='ocrx_word' id='word_1_1' title='bbox 678 243 890 367; x_wconf 70' lang='lat' dir='ltr'>s-s-</span> 
     </span>
    </p>
   </div>
   <div class='ocr_carea' id='block_1_2' title="bbox 200 433 1387 730">
    <p class='ocr_par' dir='ltr' id='par_1_2' title="bbox 200 433 1387 730">
     <span class='ocr_line' id='line_1_2' title="bbox 201 433 1387 522; baseline -0.004 -2"><span class='ocrx_word' id='word_1_2' title='bbox 201 456 311 522; x_wconf 89' lang='lat' dir='ltr'>Medio</span> <span class='ocrx_word' id='word_1_3' title='bbox 348 465 455 522; x_wconf 88' lang='lat' dir='ltr'>autem</span> <span class='ocrx_word' id='word_1_4' title='bbox 484 455 555 520; x_wconf 91' lang='lat' dir='ltr'>loco</span> <span class='ocrx_word' id='word_1_5' title='bbox 584 456 669 519; x_wconf 92' lang='lat' dir='ltr'>inter</span> <span class='ocrx_word' id='word_1_6' title='bbox 696 453 756 517; x_wconf 91' lang='lat' dir='ltr'>has</span> <span class='ocrx_word' id='word_1_7' title='bbox 786 452 866 517; x_wconf 90' lang='lat' dir='ltr'>duas</span> <span class='ocrx_word' id='word_1_8' title='bbox 888 452 1095 517; x_wconf 80' lang='lat' dir='ltr'>Ariadnaeae</span> <span class='ocrx_word' id='word_1_9' title='bbox 1118 433 1247 516; x_wconf 82' lang='lat' dir='ltr'>fabulae</span> <span class='ocrx_word' id='word_1_10' title='bbox 1270 451 1387 516; x_wconf 86' lang='lat' dir='ltr'>formas</span> 
     </span>
     <span class='ocr_line' id='line_1_3' title="bbox 201 554 1385 646; baseline -0.006 -23"><span class='ocrx_word' id='word_1_11' title='bbox 201 561 276 645; x_wconf 91' lang='lat' dir='ltr'>poni</span> <span class='ocrx_word' id='word_1_12' title='bbox 305 559 383 622; x_wconf 89' lang='lat' dir='ltr'>licet</span> <span class='ocrx_word' id='word_1_13' title='bbox 412 581 499 640; x_wconf 90' lang='lat' dir='ltr'>eam,</span> <span class='ocrx_word' id='word_1_14' title='bbox 531 581 627 646; x_wconf 86' lang='lat' dir='ltr'>quam</span> <span class='ocrx_word' id='word_1_15' title='bbox 652 557 790 622; x_wconf 86' lang='lat' dir='ltr'>Ovidius</span> <span class='ocrx_word' id='word_1_16' title='bbox 820 556 1056 643; x_wconf 86' lang='lat' dir='ltr'>explicatfast.</span> <span class='ocrx_word' id='word_1_17' title='bbox 1079 554 1213 624; x_wconf 79' lang='lat'>111511</span> <span class='ocrx_word' id='word_1_18' title='bbox 1239 578 1307 642; x_wconf 87' lang='lat' dir='ltr'>sqq.</span> <span class='ocrx_word' id='word_1_19' title='bbox 1330 555 1385 619; x_wconf 89' lang='lat' dir='ltr'>ubi</span> 
     </span>
     <span class='ocr_line' id='line_1_4' title="bbox 200 662 1365 730; baseline -0.005 -4"><span class='ocrx_word' id='word_1_20' title='bbox 200 662 351 730; x_wconf 89' lang='lat' dir='ltr'>Bacchus</span> <span class='ocrx_word' id='word_1_21' title='bbox 373 663 480 728; x_wconf 84' lang='lat' dir='ltr'>uxori:</span> <span class='ocrx_word' id='word_1_22' title='bbox 1359 682 1365 690; x_wconf 82' lang='lat'><em>·</em></span> 
     </span>
    </p>
   </div>
   <div class='ocr_carea' id='block_1_3' title="bbox 287 796 1331 1404">
    <p class='ocr_par' dir='ltr' id='par_1_3' title="bbox 288 796 1331 968">
     <span class='ocr_line' id='line_1_5' title="bbox 288 796 1331 884; baseline -0.002 -20"><span class='ocrx_word' id='word_1_23' title='bbox 288 806 332 864; x_wconf 82' lang='lat' dir='ltr'>‘tu</span> <span class='ocrx_word' id='word_1_24' title='bbox 355 799 436 864; x_wconf 93' lang='lat' dir='ltr'>mihi</span> <span class='ocrx_word' id='word_1_25' title='bbox 457 801 568 865; x_wconf 88' lang='lat' dir='ltr'>iuncta</span> <span class='ocrx_word' id='word_1_26' title='bbox 589 809 670 879; x_wconf 87' lang='lat' dir='ltr'>toro,</span> <span class='ocrx_word' id='word_1_27' title='bbox 693 797 774 862; x_wconf 90' lang='lat' dir='ltr'>mihi</span> <span class='ocrx_word' id='word_1_28' title='bbox 794 799 905 862; x_wconf 87' lang='lat' dir='ltr'>iuncta</span> <span class='ocrx_word' id='word_1_29' title='bbox 927 796 1088 862; x_wconf 89' lang='lat' dir='ltr'>vocabula</span> <span class='ocrx_word' id='word_1_30' title='bbox 1110 819 1230 884; x_wconf 87' lang='lat' dir='ltr'>sumes:</span> <span class='ocrx_word' id='word_1_31' title='bbox 1330 837 1331 842; x_wconf 22' lang='grc' dir='ltr'><strong>κ</strong></span> 
     </span>
     <span class='ocr_line' id='line_1_6' title="bbox 406 901 1105 968; baseline -0.006 -1"><span class='ocrx_word' id='word_1_32' title='bbox 406 926 481 967; x_wconf 89' lang='lat' dir='ltr'>nam</span> <span class='ocrx_word' id='word_1_33' title='bbox 503 903 564 968; x_wconf 89' lang='lat' dir='ltr'>tibi</span> <span class='ocrx_word' id='word_1_34' title='bbox 586 911 728 966; x_wconf 91' lang='lat' dir='ltr'>mutatae</span> <span class='ocrx_word' id='word_1_35' title='bbox 750 901 873 965; x_wconf 91' lang='lat' dir='ltr'>Libera</span> <span class='ocrx_word' id='word_1_36' title='bbox 893 923 1012 966; x_wconf 89' lang='lat' dir='ltr'>nomen</span> <span class='ocrx_word' id='word_1_37' title='bbox 1034 901 1105 964; x_wconf 87' lang='lat' dir='ltr'>erit.</span> 
     </span>
    </p>

    <p class='ocr_par' dir='ltr' id='par_1_4' title="bbox 287 1005 1227 1195">
     <span class='ocr_line' id='line_1_7' title="bbox 287 1005 1187 1094; baseline -0.002 -22"><span class='ocrx_word' id='word_1_38' title='bbox 287 1008 413 1094; x_wconf 81' lang='lat' dir='ltr'><strong>sintque</strong></span> <span class='ocrx_word' id='word_1_39' title='bbox 436 1016 512 1071; x_wconf 89' lang='lat' dir='ltr'>tuae</span> <span class='ocrx_word' id='word_1_40' title='bbox 535 1017 645 1071; x_wconf 92' lang='lat' dir='ltr'>tecum</span> <span class='ocrx_word' id='word_1_41' title='bbox 668 1005 784 1069; x_wconf 82' lang='lat' dir='ltr'>faciam</span> <span class='ocrx_word' id='word_1_42' title='bbox 808 1015 1016 1069; x_wconf 87' lang='lat' dir='ltr'>monumenta</span> <span class='ocrx_word' id='word_1_43' title='bbox 1039 1027 1187 1087; x_wconf 88' lang='lat' dir='ltr'>coronae,</span> 
     </span>
     <span class='ocr_line' id='line_1_8' title="bbox 405 1108 1227 1195; baseline -0.005 -19"><span class='ocrx_word' id='word_1_44' title='bbox 405 1111 571 1176; x_wconf 77' lang='lat' dir='ltr'><strong>Vulcanus</strong></span> <span class='ocrx_word' id='word_1_45' title='bbox 593 1109 716 1174; x_wconf 85' lang='lat' dir='ltr'>Veneri</span> <span class='ocrx_word' id='word_1_46' title='bbox 739 1131 837 1195; x_wconf 89' lang='lat' dir='ltr'>quam</span> <span class='ocrx_word' id='word_1_47' title='bbox 861 1108 959 1191; x_wconf 80' lang='lat' dir='ltr'>dedit,</span> <span class='ocrx_word' id='word_1_48' title='bbox 983 1108 1039 1172; x_wconf 91' lang='lat' dir='ltr'>illa</span> <span class='ocrx_word' id='word_1_49' title='bbox 1060 1108 1129 1174; x_wconf 91' lang='lat' dir='ltr'>tibi.</span> <span class='ocrx_word' id='word_1_50' title='bbox 1226 1109 1227 1112; x_wconf 65' lang='grc'>’</span> 
     </span>
    </p>

    <p class='ocr_par' dir='ltr' id='par_1_5' title="bbox 289 1211 1261 1404">
     <span class='ocr_line' id='line_1_9' title="bbox 289 1211 1261 1308; baseline -0.003 -30"><span class='ocrx_word' id='word_1_51' title='bbox 289 1215 376 1278; x_wconf 88' lang='lat' dir='ltr'>dicta</span> <span class='ocrx_word' id='word_1_52' title='bbox 398 1214 476 1308; x_wconf 79' lang='lat' dir='ltr'>facit</span> <span class='ocrx_word' id='word_1_53' title='bbox 498 1231 707 1300; x_wconf 82' lang='lat' dir='ltr'>gemmasque</span> <span class='ocrx_word' id='word_1_54' title='bbox 728 1235 847 1278; x_wconf 88' lang='lat' dir='ltr'>novem</span> <span class='ocrx_word' id='word_1_55' title='bbox 870 1211 1075 1277; x_wconf 86' lang='lat' dir='ltr'>transformat</span> <span class='ocrx_word' id='word_1_56' title='bbox 1098 1213 1131 1276; x_wconf 89' lang='lat' dir='ltr'>in</span> <span class='ocrx_word' id='word_1_57' title='bbox 1151 1213 1261 1296; x_wconf 83' lang='lat' dir='ltr'>ignes:</span> 
     </span>
     <span class='ocr_line' id='line_1_10' title="bbox 405 1315 1183 1404; baseline -0.004 -22"><span class='ocrx_word' id='word_1_58' title='bbox 405 1340 505 1382; x_wconf 89' lang='lat' dir='ltr'>aurea</span> <span class='ocrx_word' id='word_1_59' title='bbox 526 1341 585 1404; x_wconf 90' lang='lat' dir='ltr'>per</span> <span class='ocrx_word' id='word_1_60' title='bbox 608 1317 717 1384; x_wconf 88' lang='lat' dir='ltr'>stellas</span> <span class='ocrx_word' id='word_1_61' title='bbox 738 1339 824 1380; x_wconf 89' lang='lat' dir='ltr'>nunc</span> <span class='ocrx_word' id='word_1_62' title='bbox 847 1318 946 1380; x_wconf 89' lang='lat' dir='ltr'>micat</span> <span class='ocrx_word' id='word_1_63' title='bbox 969 1315 1023 1379; x_wconf 92' lang='lat' dir='ltr'>illa</span> <span class='ocrx_word' id='word_1_64' title='bbox 1044 1317 1183 1380; x_wconf 86' lang='lat' dir='ltr'>novem’</span> 
     </span>
    </p>
   </div>
   <div class='ocr_carea' id='block_1_4' title="bbox 172 1471 1415 3004">
    <p class='ocr_par' dir='ltr' id='par_1_6' title="bbox 172 1471 1415 2703">
     <span class='ocr_line' id='line_1_11' title="bbox 200 1471 1415 1562; baseline 0 -26"><span class='ocrx_word' id='word_1_65' title='bbox 200 1471 357 1537; x_wconf 83' lang='lat' dir='ltr'>Videmus</span> <span class='ocrx_word' id='word_1_66' title='bbox 390 1473 488 1558; x_wconf 83' lang='lat' dir='ltr'>igitur</span> <span class='ocrx_word' id='word_1_67' title='bbox 522 1473 706 1538; x_wconf 84' lang='lat' dir='ltr'>versionum</span> <span class='ocrx_word' id='word_1_68' title='bbox 738 1472 822 1537; x_wconf 91' lang='lat' dir='ltr'>illius</span> <span class='ocrx_word' id='word_1_69' title='bbox 841 1471 893 1536; x_wconf 93' lang='lat' dir='ltr'>de</span> <span class='ocrx_word' id='word_1_70' title='bbox 924 1471 1090 1536; x_wconf 85' lang='lat' dir='ltr'>Ariadnae</span> <span class='ocrx_word' id='word_1_71' title='bbox 1119 1472 1226 1535; x_wconf 82' lang='lat' dir='ltr'>sidere</span> <span class='ocrx_word' id='word_1_72' title='bbox 1256 1472 1386 1536; x_wconf 89' lang='lat' dir='ltr'>fabulae</span> <span class='ocrx_word' id='word_1_73' title='bbox 1412 1553 1415 1562; x_wconf 20' lang='lat' dir='ltr'>k</span> 
     </span>
     <span class='ocr_line' id='line_1_12' title="bbox 201 1573 1384 1663; baseline -0.001 -23"><span class='ocrx_word' id='word_1_74' title='bbox 201 1577 345 1640; x_wconf 83' lang='lat' dir='ltr'>extitisse</span> <span class='ocrx_word' id='word_1_75' title='bbox 370 1578 566 1658; x_wconf 86' lang='lat' dir='ltr'>varietatem,</span> <span class='ocrx_word' id='word_1_76' title='bbox 591 1599 688 1663; x_wconf 91' lang='lat' dir='ltr'>quam</span> <span class='ocrx_word' id='word_1_77' title='bbox 711 1576 752 1640; x_wconf 92' lang='lat' dir='ltr'>ab</span> <span class='ocrx_word' id='word_1_78' title='bbox 775 1573 1006 1640; x_wconf 85' lang='lat' dir='ltr'>Alexandrinis</span> <span class='ocrx_word' id='word_1_79' title='bbox 1030 1573 1172 1638; x_wconf 88' lang='lat' dir='ltr'>effictam</span> <span class='ocrx_word' id='word_1_80' title='bbox 1197 1597 1266 1638; x_wconf 88' lang='lat' dir='ltr'>esse</span> <span class='ocrx_word' id='word_1_81' title='bbox 1290 1598 1384 1639; x_wconf 91' lang='lat' dir='ltr'>nemo</span> 
     </span>
     <span class='ocr_line' id='line_1_13' title="bbox 199 1676 1386 1770; baseline -0.003 -28"><span class='ocrx_word' id='word_1_82' title='bbox 199 1679 367 1744; x_wconf 89' lang='lat' dir='ltr'>infitietur:</span> <span class='ocrx_word' id='word_1_83' title='bbox 399 1703 438 1744; x_wconf 90' lang='lat' dir='ltr'>ac</span> <span class='ocrx_word' id='word_1_84' title='bbox 467 1681 641 1766; x_wconf 88' lang='lat' dir='ltr'>praecipue</span> <span class='ocrx_word' id='word_1_85' title='bbox 672 1703 744 1744; x_wconf 90' lang='lat' dir='ltr'>eam</span> <span class='ocrx_word' id='word_1_86' title='bbox 774 1680 926 1760; x_wconf 87' lang='lat' dir='ltr'>formam,</span> <span class='ocrx_word' id='word_1_87' title='bbox 957 1701 1054 1764; x_wconf 90' lang='lat' dir='ltr'>quam</span> <span class='ocrx_word' id='word_1_88' title='bbox 1073 1679 1116 1770; x_wconf 18' lang='lat' dir='ltr'>,in</span> <span class='ocrx_word' id='word_1_89' title='bbox 1146 1678 1282 1764; x_wconf 79' lang='lat' dir='ltr'>epistula</span> <span class='ocrx_word' id='word_1_90' title='bbox 1310 1676 1386 1742; x_wconf 85' lang='lat' dir='ltr'>Ovi-</span> 
     </span>
     <span class='ocr_line' id='line_1_14' title="bbox 172 1783 1387 1869; baseline -0.002 -23"><span class='ocrx_word' id='word_1_91' title='bbox 172 1799 174 1806; x_wconf 81' lang='grc'><strong>“</strong></span> <span class='ocrx_word' id='word_1_92' title='bbox 201 1783 297 1846; x_wconf 90' lang='lat' dir='ltr'>diana</span> <span class='ocrx_word' id='word_1_93' title='bbox 318 1783 366 1848; x_wconf 93' lang='lat' dir='ltr'>VI</span> <span class='ocrx_word' id='word_1_94' title='bbox 397 1806 584 1869; x_wconf 89' lang='lat' dir='ltr'>expressam</span> <span class='ocrx_word' id='word_1_95' title='bbox 612 1784 764 1868; x_wconf 86' lang='lat' dir='ltr'>legimus,</span> <span class='ocrx_word' id='word_1_96' title='bbox 793 1794 829 1846; x_wconf 87' lang='lat' dir='ltr'>ut</span> <span class='ocrx_word' id='word_1_97' title='bbox 853 1783 1034 1847; x_wconf 85' lang='lat' dir='ltr'>doctrinam</span> <span class='ocrx_word' id='word_1_98' title='bbox 1056 1783 1188 1845; x_wconf 92' lang='lat' dir='ltr'>minime</span> <span class='ocrx_word' id='word_1_99' title='bbox 1212 1783 1320 1845; x_wconf 87' lang='lat' dir='ltr'>tritam</span> <span class='ocrx_word' id='word_1_100' title='bbox 1344 1804 1387 1844; x_wconf 91' lang='lat' dir='ltr'>ex</span> 
     </span>
     <span class='ocr_line' id='line_1_15' title="bbox 199 1885 1387 1973; baseline -0.002 -24"><span class='ocrx_word' id='word_1_101' title='bbox 199 1885 327 1950; x_wconf 93' lang='lat' dir='ltr'>illorum</span> <span class='ocrx_word' id='word_1_102' title='bbox 357 1888 585 1952; x_wconf 88' lang='lat' dir='ltr'>catasterismis</span> <span class='ocrx_word' id='word_1_103' title='bbox 611 1888 747 1973; x_wconf 83' lang='lat' dir='ltr'>petitam</span> <span class='ocrx_word' id='word_1_104' title='bbox 770 1909 839 1951; x_wconf 90' lang='lat' dir='ltr'>esse</span> <span class='ocrx_word' id='word_1_105' title='bbox 861 1885 938 1950; x_wconf 89' lang='lat' dir='ltr'>inde</span> <span class='ocrx_word' id='word_1_106' title='bbox 961 1886 998 1950; x_wconf 91' lang='lat' dir='ltr'>fit</span> <span class='ocrx_word' id='word_1_107' title='bbox 1019 1886 1271 1972; x_wconf 87' lang='lat' dir='ltr'>apertissimum,</span> <span class='ocrx_word' id='word_1_108' title='bbox 1300 1885 1387 1971; x_wconf 87' lang='lat' dir='ltr'>quod</span> 
     </span>
     <span class='ocr_line' id='line_1_16' title="bbox 199 1987 1386 2076; baseline -0.003 -23"><span class='ocrx_word' id='word_1_109' title='bbox 199 1999 329 2074; x_wconf 89' lang='lat' dir='ltr'>praeter</span> <span class='ocrx_word' id='word_1_110' title='bbox 354 1989 509 2056; x_wconf 88' lang='lat' dir='ltr'>Ovidium</span> <span class='ocrx_word' id='word_1_111' title='bbox 539 2013 634 2054; x_wconf 91' lang='lat' dir='ltr'>nemo</span> <span class='ocrx_word' id='word_1_112' title='bbox 660 1991 721 2054; x_wconf 87' lang='lat' dir='ltr'>nisi</span> <span class='ocrx_word' id='word_1_113' title='bbox 742 1991 929 2076; x_wconf 88' lang='lat' dir='ltr'>Propertius</span> <span class='ocrx_word' id='word_1_114' title='bbox 953 2013 1025 2055; x_wconf 91' lang='lat' dir='ltr'>eam</span> <span class='ocrx_word' id='word_1_115' title='bbox 1048 1988 1193 2054; x_wconf 85' lang='lat' dir='ltr'>exhibet.</span> <span class='ocrx_word' id='word_1_116' title='bbox 1238 1987 1305 2053; x_wconf 83' lang='lat' dir='ltr'>Sed</span> <span class='ocrx_word' id='word_1_117' title='bbox 1329 2011 1386 2051; x_wconf 91' lang='lat' dir='ltr'>cur</span> 
     </span>
     <span class='ocr_line' id='line_1_17' title="bbox 200 2093 1385 2182; baseline -0.003 -25"><span class='ocrx_word' id='word_1_118' title='bbox 200 2094 329 2157; x_wconf 92' lang='lat' dir='ltr'>omnino</span> <span class='ocrx_word' id='word_1_119' title='bbox 341 2094 558 2182; x_wconf 89' lang='lat' dir='ltr'>Hypsipylam</span> <span class='ocrx_word' id='word_1_120' title='bbox 565 2093 730 2167; x_wconf 83' lang='lat' dir='ltr'>Ariadnae</span> <span class='ocrx_word' id='word_1_121' title='bbox 743 2095 930 2181; x_wconf 90' lang='lat' dir='ltr'>exemplum</span> <span class='ocrx_word' id='word_1_122' title='bbox 941 2104 1037 2179; x_wconf 91' lang='lat' dir='ltr'>poeta</span> <span class='ocrx_word' id='word_1_123' title='bbox 1049 2093 1147 2157; x_wconf 82' lang='lat' dir='ltr'>faeiat</span> <span class='ocrx_word' id='word_1_124' title='bbox 1158 2093 1385 2180; x_wconf 87' lang='lat' dir='ltr'>proferentem,</span> 
     </span>
     <span class='ocr_line' id='line_1_18' title="bbox 201 2195 1386 2285; baseline -0.003 -25"><span class='ocrx_word' id='word_1_125' title='bbox 201 2219 244 2260; x_wconf 82' lang='lat' dir='ltr'>ex</span> <span class='ocrx_word' id='word_1_126' title='bbox 266 2220 317 2283; x_wconf 90' lang='lat' dir='ltr'>ep.</span> <span class='ocrx_word' id='word_1_127' title='bbox 332 2197 366 2261; x_wconf 92' lang='lat' dir='ltr'>Il</span> <span class='ocrx_word' id='word_1_128' title='bbox 383 2203 423 2268; x_wconf 81' lang='lat'>79</span> <span class='ocrx_word' id='word_1_129' title='bbox 438 2221 507 2285; x_wconf 78' lang='lat' dir='ltr'>sqq,</span> <span class='ocrx_word' id='word_1_130' title='bbox 532 2207 675 2283; x_wconf 89' lang='lat' dir='ltr'>apparet,</span> <span class='ocrx_word' id='word_1_131' title='bbox 698 2197 758 2264; x_wconf 88' lang='lat' dir='ltr'>ubi</span> <span class='ocrx_word' id='word_1_132' title='bbox 769 2197 894 2284; x_wconf 89' lang='lat' dir='ltr'>Phyllis</span> <span class='ocrx_word' id='word_1_133' title='bbox 916 2199 1077 2262; x_wconf 87' lang='lat' dir='ltr'>fortunam</span> <span class='ocrx_word' id='word_1_134' title='bbox 1092 2195 1270 2283; x_wconf 89' lang='lat' dir='ltr'>praedicat,</span> <span class='ocrx_word' id='word_1_135' title='bbox 1296 2195 1386 2258; x_wconf 90' lang='lat' dir='ltr'>cuius</span> 
     </span>
     <span class='ocr_line' id='line_1_19' title="bbox 199 2299 1386 2388; baseline -0.003 -24"><span class='ocrx_word' id='word_1_136' title='bbox 199 2299 345 2364; x_wconf 88' lang='lat' dir='ltr'>Ariadne</span> <span class='ocrx_word' id='word_1_137' title='bbox 369 2324 388 2364; x_wconf 90' lang='lat' dir='ltr'>a</span> <span class='ocrx_word' id='word_1_138' title='bbox 411 2301 472 2365; x_wconf 93' lang='lat' dir='ltr'>deo</span> <span class='ocrx_word' id='word_1_139' title='bbox 495 2310 603 2364; x_wconf 89' lang='lat' dir='ltr'>amata</span> <span class='ocrx_word' id='word_1_140' title='bbox 623 2302 785 2388; x_wconf 89' lang='lat' dir='ltr'>particeps</span> <span class='ocrx_word' id='word_1_141' title='bbox 808 2301 894 2365; x_wconf 87' lang='lat' dir='ltr'>facta</span> <span class='ocrx_word' id='word_1_142' title='bbox 916 2302 966 2365; x_wconf 89' lang='lat' dir='ltr'>sit.</span> <span class='ocrx_word' id='word_1_143' title='bbox 1002 2302 1151 2387; x_wconf 89' lang='lat' dir='ltr'>Namque</span> <span class='ocrx_word' id='word_1_144' title='bbox 1175 2299 1290 2364; x_wconf 91' lang='lat' dir='ltr'>eodem</span> <span class='ocrx_word' id='word_1_145' title='bbox 1314 2321 1386 2362; x_wconf 93' lang='lat' dir='ltr'>con-</span> 
     </span>
     <span class='ocr_line' id='line_1_20' title="bbox 201 2403 1386 2490; baseline -0.001 -23"><span class='ocrx_word' id='word_1_146' title='bbox 201 2404 271 2468; x_wconf 91' lang='lat' dir='ltr'>silio</span> <span class='ocrx_word' id='word_1_147' title='bbox 296 2405 393 2468; x_wconf 87' lang='lat' dir='ltr'>etiam</span> <span class='ocrx_word' id='word_1_148' title='bbox 409 2403 602 2490; x_wconf 80' lang='lat' dir='ltr'>Hypsipyle,</span> <span class='ocrx_word' id='word_1_149' title='bbox 626 2405 773 2490; x_wconf 84' lang='lat' dir='ltr'>quamvis</span> <span class='ocrx_word' id='word_1_150' title='bbox 795 2429 859 2469; x_wconf 92' lang='lat' dir='ltr'>non</span> <span class='ocrx_word' id='word_1_151' title='bbox 882 2404 1010 2468; x_wconf 91' lang='lat' dir='ltr'>disertis</span> <span class='ocrx_word' id='word_1_152' title='bbox 1033 2405 1148 2486; x_wconf 83' lang='lat' dir='ltr'>uerbis,</span> <span class='ocrx_word' id='word_1_153' title='bbox 1173 2426 1245 2467; x_wconf 91' lang='lat' dir='ltr'>eam</span> <span class='ocrx_word' id='word_1_154' title='bbox 1267 2426 1386 2466; x_wconf 90' lang='lat' dir='ltr'>memo-</span> 
     </span>
     <span class='ocr_line' id='line_1_21' title="bbox 200 2506 1386 2596; baseline -0.002 -26"><span class='ocrx_word' id='word_1_155' title='bbox 200 2528 273 2570; x_wconf 91' lang='lat' dir='ltr'>rare</span> <span class='ocrx_word' id='word_1_156' title='bbox 307 2506 453 2589; x_wconf 89' lang='lat' dir='ltr'>videtur,</span> <span class='ocrx_word' id='word_1_157' title='bbox 488 2517 523 2570; x_wconf 88' lang='lat' dir='ltr'>ut</span> <span class='ocrx_word' id='word_1_158' title='bbox 557 2530 646 2576; x_wconf 80' lang='lat' dir='ltr'>suam</span> <span class='ocrx_word' id='word_1_159' title='bbox 680 2518 799 2572; x_wconf 89' lang='lat' dir='ltr'>sortem</span> <span class='ocrx_word' id='word_1_160' title='bbox 831 2518 971 2596; x_wconf 88' lang='lat' dir='ltr'>opponat</span> <span class='ocrx_word' id='word_1_161' title='bbox 1000 2508 1146 2572; x_wconf 86' lang='lat' dir='ltr'>fortunae</span> <span class='ocrx_word' id='word_1_162' title='bbox 1175 2507 1276 2589; x_wconf 89' lang='lat' dir='ltr'>illius,</span> <span class='ocrx_word' id='word_1_163' title='bbox 1312 2529 1386 2570; x_wconf 91' lang='lat' dir='ltr'>cum</span> 
     </span>
     <span class='ocr_line' id='line_1_22' title="bbox 200 2610 853 2703; baseline 0.002 -29"><span class='ocrx_word' id='word_1_164' title='bbox 200 2610 391 2696; x_wconf 89' lang='lat' dir='ltr'>praesertim</span> <span class='ocrx_word' id='word_1_165' title='bbox 412 2629 519 2703; x_wconf 65' lang='lat' dir='ltr'>unae</span> <span class='ocrx_word' id='word_1_166' title='bbox 542 2611 716 2675; x_wconf 90' lang='lat' dir='ltr'>maioribus</span> <span class='ocrx_word' id='word_1_167' title='bbox 738 2613 787 2675; x_wconf 92' lang='lat' dir='ltr'>sit.</span> <span class='ocrx_word' id='word_1_168' title='bbox 810 2651 853 2660; x_wconf 87' lang='lat'><em>-</em></span> 
     </span>
    </p>

    <p class='ocr_par' dir='ltr' id='par_1_7' title="bbox 199 2713 1385 3004">
     <span class='ocr_line' id='line_1_23' title="bbox 285 2713 1385 2799; baseline -0.003 -21"><span class='ocrx_word' id='word_1_169' title='bbox 285 2713 372 2778; x_wconf 90' lang='lat' dir='ltr'>Ante</span> <span class='ocrx_word' id='word_1_170' title='bbox 402 2715 665 2799; x_wconf 86' lang='lat' dir='ltr'>Argonautarum</span> <span class='ocrx_word' id='word_1_171' title='bbox 695 2716 872 2780; x_wconf 87' lang='lat' dir='ltr'>adventum</span> <span class='ocrx_word' id='word_1_172' title='bbox 895 2717 1045 2780; x_wconf 72' lang='lat' dir='ltr'>Lamacho</span> <span class='ocrx_word' id='word_1_173' title='bbox 1076 2738 1180 2780; x_wconf 75' lang='lat' dir='ltr'>suanos</span> <span class='ocrx_word' id='word_1_174' title='bbox 1208 2719 1295 2778; x_wconf 78' lang='lat' dir='ltr'>uti-os</span> <span class='ocrx_word' id='word_1_175' title='bbox 1324 2737 1385 2779; x_wconf 75' lang='lat' dir='ltr'>orri-</span> 
     </span>
     <span class='ocr_line' id='line_1_24' title="bbox 199 2817 1385 2906; baseline -0.002 -24"><span class='ocrx_word' id='word_1_176' title='bbox 199 2842 329 2904; x_wconf 81' lang='lat' dir='ltr'>ueruque</span> <span class='ocrx_word' id='word_1_177' title='bbox 354 2818 479 2903; x_wconf 80' lang='lat' dir='ltr'>prolem</span> <span class='ocrx_word' id='word_1_178' title='bbox 505 2817 629 2883; x_wconf 66' lang='lat' dir='ltr'>vitilem</span> <span class='ocrx_word' id='word_1_179' title='bbox 655 2820 886 2902; x_wconf 75' lang='lat' dir='ltr'>ahter-fecerant.</span> <span class='ocrx_word' id='word_1_180' title='bbox 897 2821 921 2906; x_wconf 87' lang='lat'>¹)</span> <span class='ocrx_word' id='word_1_181' title='bbox 968 2819 1065 2899; x_wconf 76' lang='lat' dir='ltr'>Quod</span> <span class='ocrx_word' id='word_1_182' title='bbox 1086 2817 1270 2905; x_wconf 85' lang='lat' dir='ltr'>Hypsipyle</span> <span class='ocrx_word' id='word_1_183' title='bbox 1299 2817 1385 2902; x_wconf 89' lang='lat' dir='ltr'>apud</span> 
     </span>
     <span class='ocr_line' id='line_1_25' title="bbox 200 2919 672 3004; baseline 0 -19"><span class='ocrx_word' id='word_1_184' title='bbox 200 2919 356 2985; x_wconf 89' lang='lat' dir='ltr'>Ovidium</span> <span class='ocrx_word' id='word_1_185' title='bbox 379 2920 540 3004; x_wconf 81' lang='lat' dir='ltr'>significat</span> <span class='ocrx_word' id='word_1_186' title='bbox 562 2943 593 2985; x_wconf 89' lang='lat' dir='ltr'>v.</span> <span class='ocrx_word' id='word_1_187' title='bbox 617 2925 672 2990; x_wconf 83' lang='lat'>53:</span> 
     </span>
    </p>
   </div>
   <div class='ocr_carea' id='block_1_5' title="bbox 294 3058 1291 3147">
    <p class='ocr_par' dir='ltr' id='par_1_8' title="bbox 294 3058 1291 3147">
     <span class='ocr_line' id='line_1_26' title="bbox 294 3058 1291 3147; baseline 0 -25"><span class='ocrx_word' id='word_1_188' title='bbox 294 3058 561 3144; x_wconf 85' lang='lat' dir='ltr'>‘Lemniadesque</span> <span class='ocrx_word' id='word_1_189' title='bbox 584 3059 670 3124; x_wconf 87' lang='lat' dir='ltr'>viros</span> <span class='ocrx_word' id='word_1_190' title='bbox 692 3061 826 3125; x_wconf 89' lang='lat' dir='ltr'>nimium</span> <span class='ocrx_word' id='word_1_191' title='bbox 849 3083 976 3147; x_wconf 90' lang='lat' dir='ltr'>quoque</span> <span class='ocrx_word' id='word_1_192' title='bbox 999 3061 1132 3124; x_wconf 84' lang='lat' dir='ltr'>vincere</span> <span class='ocrx_word' id='word_1_193' title='bbox 1155 3059 1291 3124; x_wconf 61' lang='lat' dir='ltr'>norunt)</span> 
     </span>
    </p>
   </div>
   <div class='ocr_carea' id='block_1_6' title="bbox 198 3213 1384 3506">
    <p class='ocr_par' dir='ltr' id='par_1_9' title="bbox 198 3213 1384 3506">
     <span class='ocr_line' id='line_1_27' title="bbox 198 3213 1384 3302; baseline 0.001 -24"><span class='ocrx_word' id='word_1_194' title='bbox 198 3213 268 3278; x_wconf 89' lang='lat' dir='ltr'>Nec</span> <span class='ocrx_word' id='word_1_195' title='bbox 292 3237 355 3278; x_wconf 92' lang='lat' dir='ltr'>non</span> <span class='ocrx_word' id='word_1_196' title='bbox 378 3215 412 3277; x_wconf 93' lang='lat' dir='ltr'>in</span> <span class='ocrx_word' id='word_1_197' title='bbox 434 3224 564 3279; x_wconf 88' lang='lat' dir='ltr'>metam.</span> <span class='ocrx_word' id='word_1_198' title='bbox 580 3214 662 3279; x_wconf 91' lang='lat' dir='ltr'>illud</span> <span class='ocrx_word' id='word_1_199' title='bbox 677 3215 800 3280; x_wconf 88' lang='lat' dir='ltr'>facinus</span> <span class='ocrx_word' id='word_1_200' title='bbox 816 3215 933 3280; x_wconf 89' lang='lat' dir='ltr'>leviter</span> <span class='ocrx_word' id='word_1_201' title='bbox 948 3216 1184 3302; x_wconf 82' lang='lat' dir='ltr'>perstringitur,</span> <span class='ocrx_word' id='word_1_202' title='bbox 1207 3214 1263 3278; x_wconf 92' lang='lat' dir='ltr'>ubi</span> <span class='ocrx_word' id='word_1_203' title='bbox 1279 3238 1384 3279; x_wconf 87' lang='lat' dir='ltr'>sermo</span> 
     </span>
     <span class='ocr_line' id='line_1_28' title="bbox 198 3317 1384 3405; baseline 0 -25"><span class='ocrx_word' id='word_1_204' title='bbox 198 3319 235 3382; x_wconf 84' lang='lat' dir='ltr'>fit</span> <span class='ocrx_word' id='word_1_205' title='bbox 265 3319 305 3382; x_wconf 91' lang='lat' dir='ltr'>de</span> <span class='ocrx_word' id='word_1_206' title='bbox 328 3317 531 3382; x_wconf 82' lang='lat' dir='ltr'>Philoctetae</span> <span class='ocrx_word' id='word_1_207' title='bbox 561 3319 701 3402; x_wconf 78' lang='lat' dir='ltr'>sagittis,</span> <span class='ocrx_word' id='word_1_208' title='bbox 732 3342 810 3405; x_wconf 89' lang='lat' dir='ltr'>quas</span> <span class='ocrx_word' id='word_1_209' title='bbox 833 3319 964 3401; x_wconf 84' lang='lat' dir='ltr'>Ulixes,</span> <span class='ocrx_word' id='word_1_210' title='bbox 996 3342 1069 3383; x_wconf 93' lang='lat' dir='ltr'>cum</span> <span class='ocrx_word' id='word_1_211' title='bbox 1098 3343 1115 3383; x_wconf 89' lang='lat' dir='ltr'>e</span> <span class='ocrx_word' id='word_1_212' title='bbox 1143 3318 1319 3382; x_wconf 89' lang='lat' dir='ltr'>certamine</span> <span class='ocrx_word' id='word_1_213' title='bbox 1343 3318 1384 3381; x_wconf 88' lang='lat' dir='ltr'>de</span> 
     </span>
     <span class='ocr_line' id='line_1_29' title="bbox 198 3421 1384 3506; baseline 0 -22"><span class='ocrx_word' id='word_1_214' title='bbox 198 3421 336 3486; x_wconf 91' lang='lat' dir='ltr'>Achillis</span> <span class='ocrx_word' id='word_1_215' title='bbox 359 3423 455 3486; x_wconf 90' lang='lat' dir='ltr'>armis</span> <span class='ocrx_word' id='word_1_216' title='bbox 477 3423 623 3487; x_wconf 90' lang='lat' dir='ltr'>instituto</span> <span class='ocrx_word' id='word_1_217' title='bbox 646 3424 751 3487; x_wconf 83' lang='lat' dir='ltr'>vietor</span> <span class='ocrx_word' id='word_1_218' title='bbox 774 3423 983 3506; x_wconf 81' lang='lat' dir='ltr'>discessisset,</span> <span class='ocrx_word' id='word_1_219' title='bbox 1006 3423 1129 3488; x_wconf 93' lang='lat' dir='ltr'>Lemno</span> <span class='ocrx_word' id='word_1_220' title='bbox 1151 3421 1286 3487; x_wconf 81' lang='lat' dir='ltr'>Graecis</span> <span class='ocrx_word' id='word_1_221' title='bbox 1309 3421 1384 3484; x_wconf 89' lang='lat' dir='ltr'>alla-</span> 
     </span>
    </p>
   </div>
   <div class='ocr_carea' id='block_1_7' title="bbox 199 3525 709 3613">
    <p class='ocr_par' dir='ltr' id='par_1_10' title="bbox 199 3525 709 3613">
     <span class='ocr_line' id='line_1_30' title="bbox 199 3525 709 3613; baseline 0.004 -25"><span class='ocrx_word' id='word_1_222' title='bbox 199 3534 289 3588; x_wconf 89' lang='lat' dir='ltr'>turus</span> <span class='ocrx_word' id='word_1_223' title='bbox 313 3534 382 3589; x_wconf 90' lang='lat' dir='ltr'>erat</span> <span class='ocrx_word' id='word_1_224' title='bbox 405 3525 504 3612; x_wconf 78' lang='lat' dir='ltr'>(XIII</span> <span class='ocrx_word' id='word_1_225' title='bbox 527 3532 590 3595; x_wconf 80' lang='grc'>399</span> <span class='ocrx_word' id='word_1_226' title='bbox 612 3527 709 3613; x_wconf 78' lang='lat' dir='ltr'>sqq.):</span> 
     </span>
    </p>
   </div>
   <div class='ocr_carea' id='block_1_8' title="bbox 197 3750 1385 4252">
    <p class='ocr_par' dir='ltr' id='par_1_11' title="bbox 197 3750 1385 4252">
     <span class='ocr_line' id='line_1_31' title="bbox 284 3750 1385 3822; baseline 0 -18"><span class='ocrx_word' id='word_1_227' title='bbox 284 3750 305 3817; x_wconf 86' lang='grc'>1)</span> <span class='ocrx_word' id='word_1_228' title='bbox 323 3751 434 3819; x_wconf 83' lang='lat' dir='ltr'>Singula</span> <span class='ocrx_word' id='word_1_229' title='bbox 451 3751 484 3806; x_wconf 89' lang='lat' dir='ltr'>de</span> <span class='ocrx_word' id='word_1_230' title='bbox 502 3752 552 3805; x_wconf 89' lang='lat' dir='ltr'>hac</span> <span class='ocrx_word' id='word_1_231' title='bbox 569 3768 607 3818; x_wconf 92' lang='lat' dir='ltr'>re,</span> <span class='ocrx_word' id='word_1_232' title='bbox 626 3767 704 3820; x_wconf 87' lang='lat' dir='ltr'>quam</span> <span class='ocrx_word' id='word_1_233' title='bbox 722 3752 831 3806; x_wconf 86' lang='lat' dir='ltr'>Ovidius</span> <span class='ocrx_word' id='word_1_234' title='bbox 849 3754 998 3806; x_wconf 88' lang='lat' dir='ltr'>accuratius</span> <span class='ocrx_word' id='word_1_235' title='bbox 1016 3771 1070 3807; x_wconf 91' lang='lat' dir='ltr'>non</span> <span class='ocrx_word' id='word_1_236' title='bbox 1088 3755 1264 3822; x_wconf 87' lang='lat' dir='ltr'>persequitur,</span> <span class='ocrx_word' id='word_1_237' title='bbox 1284 3752 1344 3805; x_wconf 82' lang='lat' dir='ltr'>vide</span> <span class='ocrx_word' id='word_1_238' title='bbox 1363 3753 1385 3806; x_wconf 88' lang='lat' dir='ltr'>si</span> 
     </span>
     <span class='ocr_line' id='line_1_32' title="bbox 197 3836 1383 3906; baseline 0.001 -17"><span class='ocrx_word' id='word_1_239' title='bbox 197 3836 286 3904; x_wconf 85' lang='lat' dir='ltr'>placet</span> <span class='ocrx_word' id='word_1_240' title='bbox 303 3838 374 3906; x_wconf 87' lang='lat' dir='ltr'>apud</span> <span class='ocrx_word' id='word_1_241' title='bbox 392 3837 441 3906; x_wconf 87' lang='lat' dir='ltr'>Ap.</span> <span class='ocrx_word' id='word_1_242' title='bbox 461 3837 511 3891; x_wconf 89' lang='lat' dir='ltr'>Rh.</span> <span class='ocrx_word' id='word_1_243' title='bbox 529 3839 543 3891; x_wconf 94' lang='lat' dir='ltr'>I</span> <span class='ocrx_word' id='word_1_244' title='bbox 561 3838 676 3906; x_wconf 53' lang='lat' dir='ltr'>609sqq,</span> <span class='ocrx_word' id='word_1_245' title='bbox 713 3837 776 3890; x_wconf 89' lang='lat' dir='ltr'>Hdt.</span> <span class='ocrx_word' id='word_1_246' title='bbox 795 3836 835 3891; x_wconf 86' lang='lat' dir='ltr'>VI</span> <span class='ocrx_word' id='word_1_247' title='bbox 853 3840 910 3894; x_wconf 88' lang='grc'><strong>136.</strong></span> <span class='ocrx_word' id='word_1_248' title='bbox 930 3840 1011 3893; x_wconf 91' lang='lat' dir='ltr'>schol.</span> <span class='ocrx_word' id='word_1_249' title='bbox 1031 3840 1108 3894; x_wconf 89' lang='lat' dir='ltr'>Hom.</span> <span class='ocrx_word' id='word_1_250' title='bbox 1129 3843 1155 3890; x_wconf 86' lang='lat' dir='ltr'><em>H</em></span> <span class='ocrx_word' id='word_1_251' title='bbox 1171 3839 1230 3892; x_wconf 81' lang='grc'>468.</span> <span class='ocrx_word' id='word_1_252' title='bbox 1261 3837 1383 3906; x_wconf 89' lang='lat' dir='ltr'>Apollod.</span> 
     </span>
     <span class='ocr_line' id='line_1_33' title="bbox 197 3921 1385 3995; baseline 0.003 -21"><span class='ocrx_word' id='word_1_253' title='bbox 197 3921 261 3975; x_wconf 92' lang='lat' dir='ltr'>bibl.</span> <span class='ocrx_word' id='word_1_254' title='bbox 285 3922 298 3975; x_wconf 94' lang='grc' dir='ltr'>Ι</span> <span class='ocrx_word' id='word_1_255' title='bbox 322 3923 411 3988; x_wconf 79' lang='lat'>9,17.</span> <span class='ocrx_word' id='word_1_256' title='bbox 446 3924 514 3993; x_wconf 87' lang='lat' dir='ltr'>Hyg.</span> <span class='ocrx_word' id='word_1_257' title='bbox 538 3924 590 3977; x_wconf 90' lang='lat' dir='ltr'>fab.</span> <span class='ocrx_word' id='word_1_258' title='bbox 615 3924 655 3978; x_wconf 84' lang='lat'>15.</span> <span class='ocrx_word' id='word_1_259' title='bbox 692 3923 765 3977; x_wconf 84' lang='lat' dir='ltr'>Suid.</span> <span class='ocrx_word' id='word_1_260' title='bbox 789 3941 808 3978; x_wconf 90' lang='lat' dir='ltr'>s.</span> <span class='ocrx_word' id='word_1_261' title='bbox 828 3944 850 3978; x_wconf 93' lang='lat' dir='ltr'>v.</span> <span class='ocrx_word' id='word_1_262' title='bbox 874 3924 986 3992; x_wconf 82' lang='grc' dir='ltr'><em>Λήμνια</em></span> <span class='ocrx_word' id='word_1_263' title='bbox 1011 3925 1127 3995; x_wconf 76' lang='grc' dir='ltr'><strong><em>βλέπων.</em></strong></span> <span class='ocrx_word' id='word_1_264' title='bbox 1163 3925 1222 3977; x_wconf 80' lang='lat' dir='ltr'>Vel.</span> <span class='ocrx_word' id='word_1_265' title='bbox 1245 3926 1333 3978; x_wconf 82' lang='lat' dir='ltr'>Flauo.</span> <span class='ocrx_word' id='word_1_266' title='bbox 1356 3924 1385 3977; x_wconf 90' lang='grc' dir='ltr'>Π</span> 
     </span>
     <span class='ocr_line' id='line_1_34' title="bbox 198 4009 1384 4079; baseline 0.003 -19"><span class='ocrx_word' id='word_1_267' title='bbox 198 4009 247 4064; x_wconf 79' lang='lat'>107</span> <span class='ocrx_word' id='word_1_268' title='bbox 257 4025 313 4077; x_wconf 86' lang='lat' dir='ltr'>sqq.</span> <span class='ocrx_word' id='word_1_269' title='bbox 344 4009 410 4064; x_wconf 81' lang='lat' dir='ltr'>Stat.</span> <span class='ocrx_word' id='word_1_270' title='bbox 429 4010 514 4067; x_wconf 83' lang='lat' dir='ltr'>Theb.</span> <span class='ocrx_word' id='word_1_271' title='bbox 532 4010 555 4061; x_wconf 90' lang='lat' dir='ltr'>V</span> <span class='ocrx_word' id='word_1_272' title='bbox 574 4010 607 4063; x_wconf 86' lang='grc'>49</span> <span class='ocrx_word' id='word_1_273' title='bbox 616 4027 673 4079; x_wconf 88' lang='lat' dir='ltr'>sqq.</span> <span class='ocrx_word' id='word_1_274' title='bbox 703 4011 787 4078; x_wconf 88' lang='lat' dir='ltr'>Myth.</span> <span class='ocrx_word' id='word_1_275' title='bbox 801 4011 862 4064; x_wconf 87' lang='lat' dir='ltr'>Vat.</span> <span class='ocrx_word' id='word_1_276' title='bbox 881 4010 894 4063; x_wconf 96' lang='grc' dir='ltr'><strong>Ι</strong></span> <span class='ocrx_word' id='word_1_277' title='bbox 913 4012 963 4064; x_wconf 84' lang='grc'><strong>133</strong></span> <span class='ocrx_word' id='word_1_278' title='bbox 982 4012 1039 4065; x_wconf 85' lang='lat' dir='ltr'>coll.</span> <span class='ocrx_word' id='word_1_279' title='bbox 1058 4012 1084 4065; x_wconf 92' lang='lat' dir='ltr'>ll</span> <span class='ocrx_word' id='word_1_280' title='bbox 1103 4012 1161 4064; x_wconf 88' lang='grc'><strong>141.</strong></span> <span class='ocrx_word' id='word_1_281' title='bbox 1191 4011 1311 4066; x_wconf 85' lang='lat' dir='ltr'>Strictim</span> <span class='ocrx_word' id='word_1_282' title='bbox 1328 4027 1384 4064; x_wconf 90' lang='lat' dir='ltr'>rem</span> 
     </span>
     <span class='ocr_line' id='line_1_35' title="bbox 197 4094 1385 4167; baseline 0.002 -19"><span class='ocrx_word' id='word_1_283' title='bbox 197 4095 331 4162; x_wconf 84' lang='lat' dir='ltr'>attingunt</span> <span class='ocrx_word' id='word_1_284' title='bbox 353 4095 485 4149; x_wconf 88' lang='lat' dir='ltr'>Pindarus</span> <span class='ocrx_word' id='word_1_285' title='bbox 503 4094 629 4150; x_wconf 86' lang='lat' dir='ltr'>Lemnias</span> <span class='ocrx_word' id='word_1_286' title='bbox 652 4096 741 4152; x_wconf 85' lang='lat' dir='ltr'>dicens</span> <span class='ocrx_word' id='word_1_287' title='bbox 765 4094 958 4164; x_wconf 79' lang='grc' dir='ltr'><em>ἀνδροφόνους</em></span> <span class='ocrx_word' id='word_1_288' title='bbox 980 4097 1063 4167; x_wconf 86' lang='lat' dir='ltr'>(pyth.</span> <span class='ocrx_word' id='word_1_289' title='bbox 1083 4095 1200 4163; x_wconf 77' lang='lat' dir='ltr'>1v252)</span> <span class='ocrx_word' id='word_1_290' title='bbox 1223 4099 1249 4152; x_wconf 90' lang='lat' dir='ltr'>et</span> <span class='ocrx_word' id='word_1_291' title='bbox 1272 4099 1385 4164; x_wconf 86' lang='lat' dir='ltr'>scriptor</span> 
     </span>
     <span class='ocr_line' id='line_1_36' title="bbox 197 4179 1384 4252; baseline 0.004 -20"><span class='ocrx_word' id='word_1_292' title='bbox 197 4179 295 4247; x_wconf 87' lang='lat' dir='ltr'>Argon.</span> <span class='ocrx_word' id='word_1_293' title='bbox 314 4180 395 4250; x_wconf 88' lang='lat' dir='ltr'>Orph.</span> <span class='ocrx_word' id='word_1_294' title='bbox 414 4200 437 4235; x_wconf 85' lang='lat' dir='ltr'>v.</span> <span class='ocrx_word' id='word_1_295' title='bbox 456 4182 507 4234; x_wconf 77' lang='lat'>474</span> <span class='ocrx_word' id='word_1_296' title='bbox 517 4198 572 4251; x_wconf 88' lang='lat' dir='ltr'>sqq.</span> <span class='ocrx_word' id='word_1_297' title='bbox 608 4182 684 4236; x_wconf 88' lang='lat' dir='ltr'>Idem</span> <span class='ocrx_word' id='word_1_298' title='bbox 708 4182 821 4250; x_wconf 88' lang='lat' dir='ltr'>denique</span> <span class='ocrx_word' id='word_1_299' title='bbox 845 4190 1031 4251; x_wconf 82' lang='lat' dir='ltr'>argumentum</span> <span class='ocrx_word' id='word_1_300' title='bbox 1053 4184 1135 4238; x_wconf 87' lang='lat' dir='ltr'>fuisse</span> <span class='ocrx_word' id='word_1_301' title='bbox 1158 4183 1262 4237; x_wconf 84' lang='lat' dir='ltr'>videtur</span> <span class='ocrx_word' id='word_1_302' title='bbox 1283 4185 1384 4252; x_wconf 89' lang='lat' dir='ltr'>primae</span> 
     </span>
    </p>
   </div>
   <div class='ocr_carea' id='block_1_9' title="bbox 195 4265 1384 4422">
    <p class='ocr_par' dir='ltr' id='par_1_12' title="bbox 195 4265 1384 4422">
     <span class='ocr_line' id='line_1_37' title="bbox 196 4265 1384 4404; baseline 0.004 -85"><span class='ocrx_word' id='word_1_303' title='bbox 196 4265 301 4404; x_wconf 58' lang='lat' dir='ltr'>tabyyye</span> <span class='ocrx_word' id='word_1_304' title='bbox 326 4267 448 4334; x_wconf 85' lang='lat' dir='ltr'>trilogiae</span> <span class='ocrx_word' id='word_1_305' title='bbox 471 4267 635 4338; x_wconf 85' lang='lat' dir='ltr'>Aeschyleae</span> <span class='ocrx_word' id='word_1_306' title='bbox 654 4285 720 4338; x_wconf 89' lang='lat' dir='ltr'>quae</span> <span class='ocrx_word' id='word_1_307' title='bbox 739 4270 892 4323; x_wconf 86' lang='lat' dir='ltr'>inscribitur</span> <span class='ocrx_word' id='word_1_308' title='bbox 910 4269 1056 4340; x_wconf 86' lang='lat' dir='ltr'>Hypsipyle</span> <span class='ocrx_word' id='word_1_309' title='bbox 1081 4267 1124 4338; x_wconf 80' lang='lat' dir='ltr'>(cf.</span> <span class='ocrx_word' id='word_1_310' title='bbox 1142 4269 1268 4324; x_wconf 84' lang='lat' dir='ltr'>Welcker</span> <span class='ocrx_word' id='word_1_311' title='bbox 1287 4271 1384 4340; x_wconf 80' lang='lat' dir='ltr'>‘Trag.&#39;</span> 
     </span>
     <span class='ocr_line' id='line_1_38' title="bbox 195 4353 294 4422; baseline -0.04 0"><span class='ocrx_word' id='word_1_312' title='bbox 195 4369 222 4422; x_wconf 76' lang='lat' dir='ltr'>n·</span> <span class='ocrx_word' id='word_1_313' title='bbox 275 4353 294 4418; x_wconf 72' lang='lat'>&gt;-</span> 
     </span>
    </p>
   </div>
   <div class='ocr_carea' id='block_1_10' title="bbox 0 0 1612 4854">
    <p class='ocr_par' dir='ltr' id='par_1_13' title="bbox 0 0 1612 4854">
     <span class='ocr_line' id='line_1_39' title="bbox 0 0 1612 4854; baseline 0 1"><span class='ocrx_word' id='word_1_314' title='bbox 0 0 1612 4854; x_wconf 95' lang='lat' dir='ltr'> </span> 
     </span>
    </p>
   </div>
  </div>
 </body>
</html>
