3214 4854
741 313 869 380 „20
912 350 952 358 ..

256 483 348 562 Quae
372 482 478 547 omnia
500 481 607 568 qualia
629 482 715 546 Naso
740 505 782 546 ex
805 482 967 569 Apollonii
990 493 1139 568 poemate
1162 485 1263 568 petita
1285 483 1354 568 ipse
1377 483 1439 546 for-

212 659 215 666 ,
255 586 405 668 maverit,
434 584 534 649 multo
558 585 663 650 videri
685 586 788 669 magis
812 609 881 650 esse
904 586 1035 668 idonea,
1066 609 1149 672 quae
1174 585 1330 673 epistulae
1355 608 1438 648 ama-

254 691 356 754 toriae
377 697 413 752 ut
434 689 680 753 fundamentum
700 688 933 771 substruentur,
956 691 990 753 in
1004 689 1173 777 propatulo
1190 699 1250 756 est.
1283 688 1336 752 Sic
1353 689 1439 753 enim

163 810 170 823 '
255 793 384 874 accidit,
407 802 443 856 ut
464 791 564 857 fidem
586 793 720 876 reginae
743 791 853 856 datam
876 792 917 857 ab
937 792 1052 857 Iasone
1076 790 1171 856 ‘male
1195 792 1440 878 grato'(am.11

256 902 306 978 18,
330 897 385 984 231
408 896 591 983 turpissime
614 894 728 959 violari
751 895 932 981 effingatur.

340 998 507 1064 Summam
528 1021 606 1063 vero
628 999 793 1064 infamiam
818 999 872 1063 ille
892 998 954 1064 sibi
969 998 1098 1081 conflat,
1120 999 1207 1085 quod
1222 998 1439 1085 Hypsipylam

254 1126 317 1167 non
340 1101 442 1167 solum
464 1105 627 1190 reginam,
651 1102 710 1166 sed
733 1105 830 1167 etiam
853 1113 991 1167 matrem
1014 1113 1047 1167 et
1069 1123 1185 1188 pueros
1208 1103 1249 1166 ab
1274 1125 1312 1166 ea
1335 1101 1438 1166 editos

256 1207 408 1270 deseruit.
460 1207 545 1270 Nam
575 1227 649 1270 cum
679 1205 849 1271 mulierem
879 1229 916 1271 eo
947 1207 1164 1292 potissimum,
1195 1206 1282 1291 quod
1309 1204 1438 1286 liberos,

254 1311 390 1397 pignora
413 1331 489 1372 cara
512 1309 662 1393 coniugii,
685 1311 821 1395 peperit,
845 1308 1013 1395 praeclare
1038 1311 1078 1374 de
1101 1309 1170 1374 viro
1193 1309 1342 1372 meritam
1365 1331 1439 1372 eum

255 1413 396 1476 maxime
420 1413 610 1477 obstrictum
625 1422 738 1476 tenere
754 1422 883 1478 veteres
899 1413 1142 1495 arbitrarentur,
1167 1412 1304 1476 Ovidius
1320 1411 1439 1497 Hypsi-

254 1515 364 1601 pylam
382 1515 491 1580 'brevi
523 1525 691 1602 postquam
724 1517 818 1601 pueri
850 1517 918 1580 nati
951 1527 1025 1582 sunt
1058 1515 1229 1602 epistulam
1258 1515 1440 1579 mittentem

255 1620 375 1704 optime
398 1619 485 1682 facit.
529 1618 689 1683 Memorat
713 1621 798 1683 enim
821 1629 926 1684 mater
947 1643 1064 1706 pueros
1086 1644 1117 1683 v.
1143 1624 1204 1686 119
1227 1641 1308 1705 sqq:

386 1762 481 1820 ‘nunc
505 1757 603 1820 etiam
626 1757 755 1843 peperi:
779 1767 907 1842 gratare
932 1757 1099 1840 ambobus
1122 1756 1234 1839 Iason,

463 1859 557 1924 dulce
580 1860 661 1924 mihi
685 1862 839 1945 gravidae
863 1861 988 1926 fecerat
1011 1870 1123 1926 auctor
1145 1883 1234 1925 onus.

358 1948 360 1953 ¹
384 1962 464 2026 felix
486 1964 519 2027 in
542 1986 675 2028 numero
698 1987 825 2051 quoque
848 1988 919 2028 sum
941 1966 1129 2052 prolemque
1153 1961 1326 2049 gemellam

461 2067 597 2152 pignora
619 2065 745 2131 Lucina
766 2068 844 2132 bina
866 2069 998 2133 favente
1022 2067 1124 2150 dedi'3

256 2235 294 2276 ac
314 2236 377 2300 quo
392 2213 518 2276 facilius
535 2213 679 2298 coniugis
694 2215 819 2278 animus
836 2213 1026 2296 deleniatur,
1050 2215 1238 2279 suavissime
1253 2237 1315 2278 nec
1330 2225 1439 2278 tamen

180 2361 182 2365 -
257 2317 325 2380 sine
348 2316 456 2402 aliquo
479 2317 629 2380 acumine
652 2316 759 2380 addit:

425 2455 461 2518 ‘si
484 2454 621 2540 quaeris,
646 2454 698 2518 cui
722 2456 784 2518 sint
806 2455 941 2520 similes:
966 2457 1170 2540 cognosceris
1192 2457 1270 2540 illis,

461 2556 573 2621 fallere
597 2581 661 2621 non
683 2569 810 2641 norunt,
835 2569 945 2622 cetera
967 2561 1066 2644 patris
1089 2558 1230 2626 habent'.

256 2705 370 2791 Itaque
394 2727 468 2768 cum
493 2704 630 2789 epistula
652 2704 694 2767 ad
716 2704 874 2787 Iasonem,
898 2715 1067 2792 postquam
1089 2708 1122 2771 in
1144 2707 1281 2794 patriam
1296 2706 1440 2786 revertit,

255 2808 416 2872 scribatur
438 2807 493 2894 (cf.
518 2809 616 2870 etiam
638 2831 669 2872 v.
686 2812 727 2874 23
743 2810 836 2896 sqq),
859 2831 977 2895 pueros
998 2809 1070 2874 illos
1088 2808 1145 2874 vel
1159 2811 1253 2875 brevi
1268 2819 1442 2896 antequam

256 2913 465 2996 Argonautae
488 2911 522 2974 in
537 2910 738 2975 Thessaliam
761 2913 934 2994 venissent,
958 2913 1011 2977 vel
1033 2938 1098 2979 non
1120 2914 1220 2978 multo
1243 2923 1314 3000 post
1330 2935 1440 2978 eorum

244 3002 397 3079 'reditum
426 3024 518 3079 natos
549 3036 619 3079 esse
647 3013 785 3078 Ovidius
814 3015 917 3099 fingit.
961 3017 1155 3083 Liberorum
1186 3027 1294 3082 autem
1320 3016 1441 3079 mentio

257 3119 326 3183 aliis
360 3141 486 3205 quoque
522 3116 664 3202 epistulis
699 3121 876 3183 communis
910 3131 974 3202 est,
1008 3120 1098 3184 velut
1132 3122 1273 3186 maxime
1302 3118 1441 3183 Medeae

258 3223 321 3308 (ep.
339 3221 406 3285 XII
422 3227 483 3290 187
500 3222 599 3306 sqq.)3
623 3220 833 3308 similiterque
856 3223 988 3308 respicit
1011 3232 1043 3286 et
1058 3224 1145 3288 Dido
1161 3223 1285 3309 prolem
1299 3223 1441 3286 futuram

257 3326 321 3412 (ep.
334 3325 399 3389 VII
413 3331 473 3392 133
485 3324 567 3410 sqq.)
585 3334 617 3388 et
628 3323 863 3388 Telemachum
878 3325 979 3389 filium
990 3326 1154 3412 Penelope
1168 3327 1231 3412 (ep.
1245 3327 1334 3395 Ι107
1348 3325 1440 3411 sqq).

343 3427 498 3492 Geminos
528 3427 668 3514 denique
698 3427 738 3491 ab
766 3427 950 3515 Hypsipyle
980 3431 1104 3514 genitos
1136 3453 1204 3494 esse
1235 3453 1345 3494 omnes
1372 3429 1440 3492 fere

257 3533 428 3617 scriptores
463 3531 668 3594 consentiunt
700 3530 891 3618 illorumque
926 3531 1072 3615 nomina,
1106 3555 1189 3620 quae
1223 3533 1309 3598 Naso
1342 3540 1440 3611 tacet,

258 3633 403 3722 plerique
437 3635 611 3698 memoriae
645 3634 777 3698 tradunt
803 3635 904 3718 fuisse
933 3635 1082 3700 Euenum
1113 3647 1145 3700 et
1174 3635 1357 3701 Thoantem
1386 3633 1440 3722 (cf.

257 3738 357 3802 schol.
379 3739 472 3803 Pind.
495 3761 580 3802 nem.
604 3760 728 3822 argum.
751 3738 794 3802 H.
839 3738 906 3802 Ant
908 3737 972 3804 hol
994 3738 1063 3804 Pal.
1083 3741 1134 3804 ΙΙΙ
1156 3748 1205 3809 10
1240 3741 1310 3804 Stat
1313 3736 1440 3802 ..Theb

257 3842 288 3905 V
315 3846 388 3910 465
433 3842 580 3908 V1342.
624 3841 1154 3930 MythVat1133114141)3
1185 3841 1341 3906 Thoantis
1370 3841 1440 3905 loco

256 3945 510 4030 Nebrophonum
533 3946 623 4030 ponit
644 3944 859 4030 Apollodorus
882 3946 965 4030 (19,
989 3947 1054 4031 171,
1079 3945 1269 4031 Deiphilum
1291 3945 1441 4030 Hyginus

258 4047 597 4134 (3313112113)

343 4097 424 4215 Cum
440 4151 650 4235 Argonautae
664 4151 817 4214 Herculis
833 4155 933 4216 mouit
921 4153 1012 4217 tabu
1029 4153 1133 4216 insula
1147 4152 1439 4239 proficiscerentur,

213 4331 216 4337 Ι
257 4256 405 4319 Iasonem
435 4256 595 4319 sociorum
621 4253 769 4319 ultimum
792 4278 910 4319 navem
933 4256 1159 4320 conscendisse
1183 4255 1320 4320 Ovidius
1342 4253 1442 4319 refert

258 4383 287 4422 v.
312 4365 368 4426 65:
414 4408 423 4415 ,
