3242 4860
571 277 919 402 ⁴-nad

209 499 312 584 dicat,
343 501 516 566 scholiasta
542 513 608 567 vet.
637 525 771 598 causam¹
790 502 970 568 Phalacrae
993 505 1130 570 nominis
1154 508 1300 591 quamuis
1322 501 1395 572 bre-

209 608 339 672 vissime
369 606 511 690 attingit:
543 613 750 692 Φαλακραῖαι
781 603 851 674 ἀντὶ
880 611 936 674 τοῦ
963 605 1096 677 Ἰδαῖαι·
1128 606 1143 677 ὃ
1174 613 1208 678 δὲ
1238 611 1308 698 περὶ
1337 611 1395 698 τὴν

212 709 386 798 Φαλάκραν
415 709 513 789 τόπος
542 707 634 794 ψιλὸς
664 711 720 778 καὶ
750 707 913 799 ἄδενδρος·
944 708 991 779 διδ
1021 712 1077 780 καὶ
1099 711 1219 802 ταύτην
1244 717 1315 802 ἔσχε
1338 713 1396 801 τὴν

211 817 427 903 προςηγομίαν.
441 812 466 900 ¹)
508 852 553 861 -
596 810 718 892 ἄλλως·
766 810 840 902 ’ὅρος
877 817 1011 902 Τροίας,
1058 813 1226 906 ἐπειδήπερ
1272 821 1396 887 ἐπεῖδεν

213 921 356 1006 ἐποίησεν
388 913 403 984 δ
427 912 532 1003 Πάρις
560 915 622 997 τὰς
651 920 728 996 ναῦς
754 918 811 985 καὶ
835 913 885 996 ὧς
907 917 1118 1006 φαλακρὸν
1143 923 1309 1008 ἐποίησε
1332 918 1398 988 τδν

213 1018 350 1102 τόπον,
376 1019 556 1106 eademque
579 1030 653 1084 sunt
674 1019 777 1084 verba
798 1020 1003 1106 paraphrasis
1022 1022 1207 1086 vetustioris
1222 1021 1274 1110 (P)
1292 1044 1309 1086 e
1326 1021 1398 1086 cod.

215 1120 344 1188 Coislin.
360 1127 424 1192 345
448 1123 572 1188 editae:
596 1125 652 1192 καὶ
674 1121 735 1213 γὰρ
757 1120 777 1211 ἡ
802 1122 962 1212 Φαλαίκμα
983 1121 1056 1214 ’ὅρος
1072 1130 1201 1213 Τροίας,
1227 1127 1260 1206 ἐξ
1282 1117 1316 1194 οδ
1341 1154 1398 1194 κα-

141 1313 144 1320 ι
214 1225 421 1306 τασκενάσας
450 1224 591 1316 tuden
620 1226 682 1306 τὰς
709 1231 787 1306 ναῦς
817 1223 866 1306 ὦς
896 1226 1106 1316 φαλακρὸν
1135 1233 1304 1318 ἐποίησε
1331 1227 1399 1297 τὸν

214 1327 345 1399 τόπον.
355 1330 380 1417 ²)
414 1331 484 1394 Nee
508 1339 617 1394 tamen
639 1353 679 1394 ea
702 1339 750 1394 est
771 1330 1004 1416 interpretatio,
1028 1340 1064 1394 ut
1086 1331 1211 1417 abipso
1227 1331 1401 1397 scholiasta

214 1433 376 1520 profecta,
406 1433 464 1497 sed
492 1443 530 1497 ut
558 1459 575 1499 e
605 1433 693 1498 tonte
721 1433 828 1520 aliquo
856 1433 1001 1498 doctiore
1022 1435 1126 1520 petita
1148 1457 1217 1500 esse
1241 1435 1400 1500 videatur.

215 1536 267 1600 Ac
297 1537 368 1622 quis
395 1536 493 1601 fuerit
520 1547 649 1619 auctor,
681 1538 819 1624 suspicio
849 1539 880 1601 ei
901 1546 1015 1623 parata
1038 1548 1102 1621 est,
1133 1539 1185 1602 cui
1208 1538 1401 1602 scholiastae

218 1639 397 1704 doctrinam
423 1643 598 1728 praecipue
622 1665 639 1706 e
664 1640 846 1706 Theonis
870 1642 1099 1706 commentario
1123 1642 1156 1705 in
1178 1642 1401 1706 Alexandram

219 1744 392 1828 composito
414 1744 547 1809 fluxisse
570 1745 727 1810 credibile
748 1746 888 1809 videtur.
900 1745 926 1830 3)

305 1846 401 1926 Quod
415 1849 477 1912 nisi
490 1848 705 1934 improbabile
722 1859 779 1931 est,
797 1847 941 1914 delibero
958 1869 999 1912 an
1014 1871 1078 1912 non
1088 1847 1400 1934 longiusprocedam

218 1951 397 2037 suspicatus
427 1951 516 2015 illam
544 1953 843 2039 interpretationem
874 1951 1013 2038 primum
1041 1953 1244 2038 proposuisse
1274 1950 1401 2017 Calli-

219 2054 405 2120 machum
426 2056 467 2119 in
479 2057 633 2139 Astiis,
658 2057 777 2142 quippe
800 2078 883 2142 quae
899 2054 1039 2120 eundem
1055 2056 1302 2140 grammaticum
1319 2077 1403 2119 com-

219 2167 396 2223 mentatum
420 2181 490 2223 esse
514 2169 649 2224 constet.
661 2160 686 2246 ⁴)
731 2158 798 2224 Sed
821 2181 859 2224 eo
882 2157 1008 2223 facilius
1031 2159 1129 2224 credo
1152 2157 1232 2224 mihi
1255 2158 1404 2244 astipula-

219 2262 315 2345 beris,
339 2263 366 2326 si
388 2261 422 2327 id
445 2286 497 2327 me
518 2285 583 2328 non
606 2265 740 2350 opinari,
764 2285 878 2328 verum
902 2263 1032 2326 eeertis
1047 2263 1192 2346 vestigiis
1208 2260 1403 2326 concludere

218 2366 350 2430 videris.
393 2365 480 2430 Illud
511 2367 596 2431 enim
623 2366 703 2434 ldae
734 2389 890 2431 cacumen
920 2375 1132 2430 memoratum
1162 2387 1231 2431 esse
1261 2388 1280 2428 a
1307 2373 1405 2451 poeta

220 2469 400 2556 Cyrenensi
423 2470 596 2536 scholiasta
617 2471 700 2536 Ven.
723 2471 755 2534 A
777 2470 819 2533 ad
842 2470 928 2533 Hom
948 2478 974 2534 (λ
986 2475 1028 2539 48
1050 2479 1200 2533 testatur:
1224 2468 1403 2557 Γάργαρον·

219 2572 256 2643 τὸ
288 2573 481 2663 ἀκρωτήριον
511 2579 571 2662 τῆς
591 2572 701 2663 Ἴδης,
731 2573 803 2661 ἤτοι
833 2573 895 2642 ἀπὸ
919 2577 975 2642 τοῦ
998 2577 1195 2662 γαργαρίζειν
1219 2573 1275 2641 καὶ
1298 2571 1404 2640 ἀναδι-

222 2676 308 2746 δόναι
336 2675 379 2745 τὰ
408 2675 513 2746 ὕδατα
541 2675 561 2765 ἢ
593 2676 655 2745 ἀπὸ
687 2681 875 2766 μεταφορᾶς
905 2680 960 2744 τοῦ
992 2680 1023 2743 ἐν
1053 2687 1120 2755 τοῖς
1143 2674 1294 2763 στόμασιν
1317 2672 1405 2762 ἡμῶν
1592 2738 1602 2761 Ι,

221 2783 441 2869 γαργαρεῶνος
471 2785 531 2868 τῆς
560 2785 732 2870 λεγομένης
762 2784 941 2869 σταφυλῆς
972 2779 1028 2848 καί
1055 2777 1174 2868 γὰρτὸ
1199 2783 1290 2866 σῶμα
1312 2781 1406 2846 τοῦτο

223 2882 285 2952 ἀπὸ
309 2889 430 2972 παχέος
453 2888 499 2964 εἰς
520 2883 633 2953 λεπτὸν
656 2885 713 2952 καὶ
737 2883 790 2966 ὀξὺ
811 2881 910 2972 λη’γει.
934 2883 1064 2971 eptae
1088 2886 1131 2949 δέ
1153 2886 1253 2951 εἰσιν
1278 2879 1406 2968 dupo—
1536 2873 1541 2896 ³
1566 2879 1593 2896 '¹

223 2985 342 3075 τήρια
370 2991 444 3076 τῆς
469 2986 598 3077 Ἴδης·
633 2985 986 3079 ΛεκτόνμΓοὶργαρον,
1018 2983 1232 3074 Φαλάκρη·
1262 2982 1407 3052 τούτου
1543 3025 1554 3076 ¹3

225 3091 412 3181 μνημονεύει
442 3083 709 3180 Καλλίμαχος
743 3097 773 3160 ἐν
808 3089 920 3183 πρώτῳ
952 3093 1063 3157 Αἰτίων
1099 3086 1189 3175 (lgm.
1222 3092 1276 3158 13⁰
1310 3085 1408 3151 Schn.
1521 3103 1525 3112 ·
1584 3160 1597 3187 γ

225 3191 265 3259 ef.
289 3195 386 3260 etiam
410 3194 510 3278 schol.
535 3195 665 3280 5283).
1532 3266 1613 3290 „W

311 3298 478 3384 Integrum
509 3299 642 3385 apposui
669 3298 791 3380 locum,
821 3297 898 3382 quia
923 3295 1049 3360 Rohdio
1079 3293 1252 3360 scholiasta
1280 3294 1411 3358 videtur
1518 3306 1600 3402 ε

312 3543 334 3609 1)
353 3542 391 3598 Of.
410 3545 492 3599 etiam
510 3544 600 3613 Steph.
613 3541 677 3612 Byz.
695 3558 715 3596 s.
735 3559 758 3595 ν.
773 3536 924 3608 catuna.
953 3539 1078 3595 Ceterum
1096 3546 1207 3607 utraque
1226 3537 1307 3592 schol.
1326 3537 1411 3605 expli-

227 3630 296 3684 catio
315 3631 406 3685 eodem
424 3630 479 3685 fere
499 3637 610 3699 spectat.

312 3715 335 3782 ²)
352 3717 542 3784 Paraphrasim
566 3733 580 3771 e
605 3716 712 3770 scholiis
735 3715 895 3784 exscriptam
918 3729 976 3768 esse
1002 3711 1124 3767 Wentcel
1146 3710 1281 3764 iudicavit·
1299 3707 1413 3776 (Ἐπινλ.

227 3803 304 3857 θεῶν
319 3802 336 3856 l.
349 3802 367 3856 l.
380 3819 406 3871 p.
419 3802 435 3856 5
448 3802 514 3872 sqq.)
533 3803 660 3858 adversus
678 3801 839 3866 Scheerium
858 3801 903 3869 qui
922 3799 1032 3854 eandem
1052 3798 1085 3852 ad
1098 3796 1210 3852 Theonis
1229 3795 1413 3850 auctoritatem

227 3895 399 3950 revocaverat
417 3889 455 3956 (in
472 3891 541 3944 Mus.
561 3887 644 3942 Rhen.
663 3888 712 3942 vol.
732 3887 852 3942 XXXIV
869 3903 895 3956 p.
913 3886 984 3953 459).
1459 3915 1461 3920 ,
1550 3917 1613 3973 ,νγ

314 3975 336 4042 ³)
356 3974 395 4030 et.
420 3975 519 4030 Scheer
537 3976 553 4029 l.
572 3977 589 4029 l.
607 3993 633 4044 p.
653 3975 704 4028 273
723 3991 761 4042 sq.
792 3973 890 4027 Kinkel
914 3971 997 4040 praef.
1022 3971 1084 4025 edit.
1103 3969 1167 4039 Lyc.
1189 3969 1256 4024 1880
1273 3985 1299 4037 p.
1318 3966 1356 4021 lV
1376 3984 1414 4035 sq.
1546 3963 1615 4050 γῇ

231 4060 262 4116 Ε.
286 4061 404 4116 Dittrich
428 4063 457 4116 in
480 4062 577 4116 Philol.
602 4063 652 4117 vol.
677 4058 765 4114 XLIX
789 4077 816 4129 p.
842 4061 893 4115 740
917 4074 972 4128 sqq.
1010 4057 1077 4112 Vide
1101 4057 1181 4110 etiam
1207 4071 1274 4124 quae
1293 4053 1416 4108 Wentzel
1569 4085 1582 4116 ,

230 4149 357 4204 disseruit
371 4148 474 4202 Ἐπικλ.
493 4165 550 4217 cap.
570 4145 622 4202 VII
639 4165 665 4216 p.
684 4148 725 4201 28.
1506 4144 1509 4151 '
1562 4155 1610 4208 μ,

316 4234 338 4303 ⁴)
358 4233 397 4289 et.
419 4235 498 4289 Giese
523 4234 564 4289 ‘de
589 4234 697 4288 Theone
720 4232 892 4301 grammatico
915 4230 1024 4299 eiusque
1047 4228 1187 4298 reliquiis’,
1213 4227 1276 4282 diss.
1301 4225 1415 4281 Monast.
1563 4223 1614 4243 ””

232 4325 299 4379 1867
316 4341 343 4392 p.
361 4321 395 4376 49
414 4339 451 4390 sq.

318 4410 340 4478 δ)
359 4409 518 4475 Quattuor
527 4407 592 4461 Idae
603 4415 792 4462 enumerantur
801 4406 938 4459 cacumina
947 4401 1146 4458 scholNicand.
1155 4402 1221 4455 ther.
1230 4401 1287 4456 668.
1299 4401 1365 4454 alex.
1374 4399 1415 4452 40.

1552 4371 1607 4412 *¹⁹2¹*

1558 4423 1563 4450 l
1580 4389 1618 4476 Ψὲ

1246 4488 1264 4543 8
1521 4471 1618 4587 hand}

1403 4657 1492 4791 m

1412 4747 1421 4782 ¹F
