3242 4860
729 312 946 376 ..80-

242 481 276 542 in
298 479 414 543 urbem
436 476 666 562 καλλιγύναικα
677 477 711 562 1),
735 479 792 543 ubi
815 478 1045 544 advenientem
1069 479 1251 544 aMenelao
1274 479 1361 544 dorni
1379 503 1428 543 re-

244 593 374 668 ceptum
404 604 473 644 esse
503 591 552 644 sat
573 580 677 666 planis
700 581 809 646 verbis
832 580 970 650 Ovidius
993 592 1129 648 testatur
1152 585 1216 670 (ep.
1240 583 1318 647 XVI
1343 584 1427 671 129).

243 684 303 750 Oui
333 687 381 749 rei
408 707 538 770 prorsus
567 684 763 748 contrarium
793 685 977 750 e'Oolluthi
1004 688 1189 752 narratione
1218 685 1340 770 elucet,
1373 687 1428 771 qui

242 787 367 854 Paridis
390 789 565 852 adventum
587 787 633 851 ita
656 787 820 870 describit,
843 798 880 852 ut
899 811 1012 874 regem
1027 791 1141 855 abesse
1158 812 1234 854 sane
1250 787 1428 876 putandum
1466 776 1469 782 ’

242 894 297 957 sit:
327 891 457 956 Helena
486 892 571 955 enim
600 891 669 976 ipsa
697 891 817 976 hospiti
845 893 987 958 occurrit
1013 893 1185 978 statimque
1207 892 1428 957 introductum

241 995 327 1061 unde
355 995 439 1060 adsit
460 996 638 1078 interrogat
661 995 706 1080 (v.
729 999 793 1064 249
816 997 910 1082 sqq).
956 996 1052 1076 Quod
1075 1020 1094 1060 a
1115 1007 1213 1082 poeta
1235 996 1426 1081 Byzantina

242 1100 317 1183 quia
338 1098 381 1163 ab
404 1107 510 1162 aetate
535 1097 668 1162 heroica
681 1096 807 1181 longius
824 1099 947 1181 aberat,
972 1122 1068 1185 quam
1083 1100 1203 1164 ateius
1219 1099 1427 1163 condiciones

239 1203 461 1287 rationemque
484 1211 551 1265 tota
573 1209 682 1265 mente
705 1202 868 1288 respicere
892 1211 924 1267 et
947 1204 1074 1289 assequi
1087 1214 1205 1289 posset,
1227 1202 1426 1288 ineptissime

240 1297 462 1389 excogitatum
485 1327 554 1369 esse
577 1304 642 1366 iam
656 1303 761 1368 Lehrs
783 1306 882 1369 sensit
893 1307 919 1392 ²)
942 1328 1004 1370 nec
1027 1316 1104 1392 puto
1121 1327 1317 1392 quemquam
1331 1305 1424 1390 fugit.

240 1409 436 1473 Auctoritati
458 1409 556 1492 igitur
579 1407 774 1494 exemplaris
797 1430 872 1472 eum
892 1409 954 1473 hae
969 1409 1003 1474 in
1017 1432 1053 1474 re
1069 1433 1103 1474 se
1119 1409 1328 1474 adstrinxisse
1344 1407 1425 1472 mihi

241 1512 372 1598 quidem
401 1507 598 1598 persuadere
628 1511 760 1576 minime
789 1534 927 1597 possum.
974 1512 1066 1594 Quae
1097 1515 1204 1600 opinio
1227 1513 1288 1577 etsi
1308 1535 1367 1598 per
1389 1533 1425 1576 se

239 1615 487 1701 haudquaquam
518 1614 617 1678 fidem
649 1615 796 1699 excedit,
831 1617 933 1701 magis
962 1626 1072 1681 tamen
1103 1639 1140 1680 eo
1171 1616 1424 1696 commendatur,

239 1719 326 1805 quod
341 1719 509 1785 Colluthus
528 1741 626 1782 unum
644 1718 741 1782 credo
757 1718 867 1783 lumen
884 1721 1079 1806 exemplaris
1094 1721 1163 1806 ipse
1179 1730 1291 1807 aperte
1306 1718 1423 1805 prodit.

239 1823 333 1887 Facit
348 1823 433 1887 enim
445 1823 609 1901 Paridem,
625 1823 782 1908 petitpetit
792 1823 929 1909 Spartae
943 1827 1015 1888 aisa
1025 1825 1154 1910 dt'paam
1166 1839 1243 1907 erat,
1259 1825 1424 1888 adeuntem

239 1951 268 1990 v.
303 1931 365 1995 236
399 1948 468 2012 sqq.
525 1924 636 2005 Quid?
674 1927 759 2011 quod
792 1926 881 1991 idern
914 1938 1011 2013 poeta
1043 1927 1262 1992 Sulmonensis
1295 1926 1424 2010 attingit

238 2052 289 2114 ep.
313 2027 391 2092 XVI
416 2035 474 2097 131
499 2051 545 2114 sq.
570 2029 626 2117 (de
649 2028 831 2116 Menelao):

368 2148 432 2212 ‘ille
456 2150 588 2235 quidem
610 2149 758 2232 ostendit,
783 2150 940 2236 quidquid
962 2151 1211 2217 Lacedaemone
1234 2161 1302 2216 tota

439 2253 566 2320 ostendi
589 2252 724 2336 dignum
746 2254 1018 2340 conspicuumque
1041 2255 1119 2320 suit'.

236 2395 333 2459 Hune
361 2415 552 2458 eonsensum
574 2399 664 2454 recte
687 2391 767 2455 fonti
789 2391 936 2456 vindices
959 2395 1135 2476 communi,
1166 2393 1258 2457 cuius
1280 2415 1364 2478 aqua
1386 2391 1421 2454 li-

147 2481 155 2498 *
237 2497 335 2584 quida
357 2519 502 2584 puraque
524 2493 679 2581 profluxit
699 2495 734 2558 in
755 2495 860 2560 rivum
882 2497 1012 2562 fabulae
1036 2497 1235 2578 Ouidianae,
1258 2497 1291 2558 in
1313 2494 1420 2560 Collu-

236 2603 333 2666 theae
355 2602 471 2665 inscita
492 2621 591 2663 manu
606 2599 745 2663 turbata.
783 2599 897 2684 Itaque
914 2600 1110 2683 Colluthum,
1133 2623 1174 2665 ne
1188 2600 1309 2664 ¹multus
1325 2609 1419 2680 esset,

234 2704 430 2784 Menelaum,
447 2704 502 2788 qui
516 2712 553 2766 ut
563 2701 715 2766 Paridem
730 2704 799 2788 ipse
815 2715 990 2788 cognoscat
1001 2705 1130 2770 fabulae
1142 2714 1259 2768 natura
1268 2701 1419 2788 postulat,

235 2808 379 2873 consulto
395 2807 659 2892 praetermisisse,
675 2807 868 2892 templorum
884 2818 1135 2894 statuarumque,
1159 2830 1242 2893 quae
1258 2806 1419 2870 advenam
1447 2817 1453 2826 '

234 2913 337 2997 ipsum
365 2911 525 2974 visentem
555 2910 724 2974 commode
746 2910 871 2996 lingere
894 2913 1010 2996 potuit,
1042 2911 1240 2975 mentionem
1261 2908 1420 2995 poematis

235 3014 414 3078 exornandi
437 3037 534 3078 causa
557 3015 798 3078 conservavisse
821 3015 892 3079 veri
915 3014 1112 3079 simillimum
1132 3014 1272 3078 videtur.

320 3116 453 3179 Talibus
487 3127 595 3182 autem
628 3118 662 3180 in
695 3118 932 3182 narrationibus
965 3118 1145 3182 inserendis
1177 3115 1418 3182 Alexandrinos

233 3221 294 3284 sibi
323 3219 482 3304 placuisse
513 3244 530 3283 e
561 3219 781 3284 Callimacheo
812 3220 961 3306 exemplo
992 3222 1228 3307 apertissimum
1257 3220 1309 3283 fit:
1339 3216 1417 3280 inde

234 3325 335 3404 enim,
366 3321 452 3406 quod
474 3322 622 3407 Cydippe
652 3346 745 3386 sacra
766 3323 905 3388 Deliaca
931 3346 1001 3388 sese
1024 3325 1129 3389 adisse
1153 3323 1238 3410 apud
1262 3321 1417 3386 Ovidium

234 3429 312 3491 dicit
341 3427 406 3512 (ep.
431 3425 508 3488 XXI
530 3431 571 3494 95
594 3426 677 3510 sqq.)
685 3475 693 3507 ,
729 3427 949 3510 Cyrenensem
980 3450 1107 3510 eorum,
1138 3450 1221 3513 quae
1250 3429 1284 3489 in
1312 3423 1417 3488 insula

232 3528 406 3614 magnifica
429 3539 461 3592 et
482 3527 644 3592 mirabilia
666 3541 767 3611 erant,
791 3530 946 3616 pleraque
968 3542 1175 3616 persecutum
1192 3553 1261 3595 esse
1277 3527 1415 3611 Dilthey

317 3774 337 3839 ¹)
357 3772 468 3826 Colluth.
488 3790 510 3824 v.
523 3772 585 3836 22&
604 3773 738 3840 epitheton
757 3780 889 3840 sumptum
908 3791 941 3827 cx
953 3775 1077 3839 Homero,
1097 3773 1141 3843 qui
1160 3789 1218 3826 cum
1236 3777 1319 3825 totam
1332 3769 1413 3823 Grae·

232 3862 299 3913 ciam
313 3860 322 3921 (
328 3865 346 3910 Β
356 3861 414 3913 aas.
439 3860 507 3912 rin.
526 3859 583 3912 258.
601 3864 614 3910 Ι
622 3859 693 3925 447),
710 3865 766 3912 tum
779 3860 864 3926 ipsam
878 3861 1008 3927 Spartam,
1026 3862 1148 3914 nimirum
1161 3865 1272 3928 propter
1283 3857 1414 3910 Helenam

231 3947 257 4014 (ν
275 3947 332 3998 412.
356 3945 388 3999 cf.
408 3944 529 3998 Eustath.
549 3961 574 4011 p.
596 3944 675 4011 1747,
701 3944 745 4013 20)
771 3947 808 3998 sic
833 3946 950 4014 appellat
975 3947 1045 4014 (vide
1070 3949 1150 4000 etiam
1169 3947 1266 3999 Athen.
1286 3962 1311 4012 p.
1329 3942 1413 4008 566⁵).

232 4032 355 4085 Ceterum
373 4030 522 4099 puellarum
535 4030 804 4084 Lacedaemoniorum
822 4031 1015 4086 formositatem
1033 4034 1189 4102 Propertius
1207 4047 1311 4100 quoque
1322 4027 1413 4081 laudat

230 4115 258 4170 Π
277 4119 317 4181 28,
337 4118 377 4181 53,
397 4118 441 4170 ubi
461 4117 519 4168 coll.
534 4116 580 4169 Ov.
595 4133 636 4183 ep.
650 4115 729 4170 XVII
746 4118 797 4170 209
817 4119 941 4171 Heinsius
960 4119 1107 4173 rectissime
1125 4120 1205 4173 scribi
1223 4117 1279 4170 vult
1299 4117 1334 4168 ‘et
1351 4119 1414 4181 quot

231 4204 358 4270 Sparta
376 4203 459 4267 tulit';
478 4202 546 4256 adde
564 4202 643 4270 Prop.
662 4201 705 4256 Ill
723 4205 756 4256 14
774 4210 801 4256 ct
818 4205 886 4257 Mus.
905 4203 969 4258 Her.
989 4213 1023 4258 et.
1043 4205 1143 4259 Leand.
1163 4204 1196 4258 74
1214 4221 1252 4271 sq.
1412 4207 1414 4212 '

315 4287 340 4352 2)
360 4289 500 4355 ‘Populare
518 4288 645 4342 hossene
663 4305 711 4342 aus
730 4289 788 4341 dem
806 4290 949 4342 Altertum'
968 4308 993 4358 p.
1015 4292 1059 4344 18:
1083 4291 1194 4344 ‘Helena
1212 4291 1295 4344 selbst
1312 4289 1414 4341 kommt

230 4374 311 4427 uider
329 4374 393 4426 alles
412 4373 520 4428 Castum
539 4376 566 4426 in
584 4374 636 4427 den
656 4375 710 4427 Hof
726 4376 772 4428 des
790 4375 911 4430 Palastes
930 4377 1077 4443 entgegeu'.
