3214 4854
719 302 934 365 ,40-

233 479 318 531 etv.
344 474 442 538 1239:
469 469 520 540 συν
544 475 580 538 δέ
604 495 673 555 σφιν
698 477 783 550 (cum
808 471 898 552 rege)
921 467 1082 556 ἀπείριτος
1099 471 1208 534 ἔσσυτο
1225 464 1303 545 λαός
1318 465 1418 550 (adde

230 594 260 633 v.
289 572 384 659 1270)
409 584 495 638 etv.
521 578 603 642 1275
627 595 710 659 sqq:
734 572 967 656 (Argonautae)

317 698 432 781 τέτμον
457 694 482 762 δ’
505 693 622 784 Αἰήτην
646 721 682 762 τε
706 693 762 761 καὶ
787 691 887 761 ἀλλων
912 697 1014 760 ἔῗννεα
1036 689 1166 778 Κόλχων

252 873 257 880 ,
316 796 391 877 τοὺς
413 803 469 885 μὲν
494 801 765 867 Καυκασίοισιν
790 793 1027 885 ἐφεσταότας
1050 799 1304 872 σκοπέλοισιν,

316 899 368 968 τὀν
392 900 418 968 δ’
442 901 538 970 αὐτοῦ
563 899 650 989 παρὰ
673 908 776 989 χεῦος
799 898 994 984 ἑλισσόμενον
1018 909 1184 983 ποταμοῖο.

230 1041 302 1104 Rex
314 1040 382 1124 ipse
395 1038 543 1103 omnibus
556 1039 652 1102 armis
664 1039 796 1102 indutus
809 1049 858 1102 est
870 1036 956 1123 apud
963 1035 1170 1124 Apollonium
1180 1039 1223 1116 (v.
1235 1039 1319 1104 1225
1327 1039 1418 1120 sqq),

232 1143 362 1207 chilone
387 1152 420 1206 et
443 1152 570 1229 sceptro
594 1152 726 1206 ornatus
748 1141 802 1204 hic
824 1140 892 1204 illic
914 1141 948 1204 in
970 1136 1163 1225 anaglyphis
1185 1137 1327 1224 fingitur.
1340 1143 1365 1220 ¹)

317 1246 390 1330 Age
412 1267 499 1309 nunc
515 1246 656 1309 animum
672 1245 714 1309 ad
730 1267 785 1308 eos
801 1255 1028 1308 convertamus
1044 1242 1141 1324 locos,
1166 1240 1282 1327 quibus
1297 1240 1420 1304 Iasonis

233 1361 399 1414 certarnen
429 1350 532 1435 ipsum
559 1350 757 1436 proponitur.
804 1347 909 1428 Quam
932 1346 1063 1418 fabulae
1085 1355 1211 1432 partem
1235 1356 1324 1408 certe
1348 1367 1420 1428 gra-

231 1453 394 1517 vissimam
412 1451 549 1517 Ovidius
572 1463 740 1539 tantopere
760 1451 891 1516 videtur
906 1453 941 1514 in
957 1449 1082 1514 deliciis
1097 1448 1261 1529 habuisse,
1285 1457 1321 1512 ut
1337 1471 1419 1530 eam,

232 1557 418 1642 ubicunque
442 1556 568 1620 occasio
593 1556 770 1638 dataerat,
795 1554 1022 1641 explicaret.⁹)

316 1659 443 1724 Primus
455 1664 479 1741 ³)
508 1660 608 1744 igitur
637 1659 727 1723 locus
750 1668 799 1722 est
826 1658 957 1722 dicendi
980 1659 1018 1720 de
1042 1659 1144 1720 tauris
1166 1657 1312 1720 donariis:
1341 1678 1422 1741 quos

232 1763 351 1836 Martis
372 1763 470 1827 fuisse
500 1784 608 1827 sacros
638 1772 775 1827 testatur
805 1761 942 1826 Ovidius
974 1783 1023 1847 cp.
1054 1759 1121 1823 ΧΠ
1150 1765 1203 1826 41.
1232 1758 1279 1822 VI
1301 1763 1358 1841 103
1389 1767 1422 1822 et

232 1865 435 1953 Apollonius,
466 1867 612 1951 quamvis
641 1865 744 1953 planis
772 1889 837 1929 non
866 1864 1057 1952 profiteatur
1083 1862 1208 1945 verbis,
1240 1884 1278 1926 eo
1306 1861 1420 1925 saltem

232 1969 365 2052 indicat,
389 1969 476 2055 quod
499 1992 553 2034 eos
575 1971 609 2034 in
633 1993 746 2055 campo
762 1968 878 2033 Martio
903 1991 973 2032 esse
998 1967 1077 2031 dicit
1098 1990 1130 2030 v.
1153 1971 1217 2034 499
1242 1971 1359 2045 (πεδίον
1384 1963 1421 2033 τὸ

229 2073 349 2160 Ἀρήϊον
380 2071 633 2159 ἀμφινέμονται).
678 2072 742 2151 Qui
765 2095 838 2135 cum
862 2071 1045 2135 aVulcano
1067 2070 1145 2134 faeti
1166 2079 1275 2134 essent
1291 2069 1343 2149 (cf.
1360 2071 1421 2155 Ap.

233 2202 264 2241 v.
277 2181 364 2258 230),
382 2175 606 2263 ‘aeripedes’
623 2187 725 2257 erant⁷
742 2199 804 2261 quo
820 2174 979 2239 vocabulo
992 2173 1131 2238 Ovidius
1144 2180 1206 2259 (ep.
1219 2172 1287 2236 XII
1303 2179 1353 2241 93.
1369 2178 1421 2240 43.

235 2289 311 2343 met.
320 2303 352 2342 v.
363 2283 436 2360 105)
448 2279 938 2365 interpretaturApollonianum
951 2277 1189 2367 χαλκόποδτς
1202 2284 1244 2357 (ν.
1253 2281 1328 2359 2302
1335 2281 1422 2354 410).

235 2383 305 2446 Nec
327 2405 405 2446 vero
421 2383 526 2468 parcit
544 2392 641 2469 poeta
656 2383 775 2467 verbis,
799 2381 916 2468 quibus
933 2405 987 2446 eos
1002 2383 1110 2466 ignem
1127 2379 1258 2444 naribus
1274 2379 1423 2443 efflantes

237 2487 401 2573 depingat.
446 2485 666 2570 Longissimus
688 2497 737 2550 est
759 2497 835 2550 met.
860 2507 890 2551 v.
916 2491 978 2555 194
1000 2509 1085 2571 sqq:

367 2613 456 2670 ‘ecoe
480 2607 680 2671 adamanteis
702 2606 874 2671 volcanum
898 2607 1030 2671 naribus
1053 2605 1165 2670 efflant

238 2715 309 2780 105.
366 2711 537 2798 aeripedes
561 2711 654 2792 tauri,
680 2721 852 2797 tectaeque
874 2711 1049 2797 vaporibus
1071 2709 1195 2774 herbae'

365 2815 495 2900 ardent3
519 2823 618 2900 utque
642 2814 746 2877 solent
766 2813 855 2900 pleni
877 2836 1029 2878 resonare
1054 2813 1181 2895 camini,

366 2929 421 2983 aut
443 2917 500 2982 ubi
524 2928 654 2981 terrena
676 2917 781 2982 silices
805 2917 935 2982 fornace
960 2917 1054 2982 soluti

366 3021 552 3107 concipiunt
572 3021 682 3105 ignem
704 3015 898 3106 liquidarum
922 3022 1091 3109 aspergine
1115 3041 1289 3105 aquarum:

365 3136 499 3212 pectora
522 3125 567 3188 sic
590 3125 676 3188 intus
700 3125 824 3188 clausas
847 3124 1013 3189 volventia
1035 3123 1180 3189 flammas

367 3239 563 3314 gutturaque
585 3237 657 3293 usta
680 3227 802 3292 sonant'
826 3228 923 3310 (adde
947 3251 996 3315 ep.
1021 3229 1088 3292 ΧΠ
1109 3233 1175 3306 42).

239 3369 345 3432 Minus
374 3365 538 3430 rhetorice
568 3363 707 3430 eandem
737 3389 806 3430 rem
828 3367 1017 3454 Apollonius
1042 3367 1175 3453 exponit
1197 3390 1228 3429 v.
1254 3370 1336 3434 1291
1360 3386 1424 3448 sq.:

240 3490 274 3575 (e
297 3486 440 3569 stabulis,
464 3509 547 3573 quae
571 3488 677 3575 erant)
708 3487 877 3574 λιγνυόεντι
900 3491 988 3575 πέριξ
1013 3492 1160 3574 εἰλυμένοι
1184 3489 1304 3578 καπνῷ,

414 3589 511 3679 ἀμφι.)
536 3588 614 3677 ὁμοῦ
637 3597 822 3681 προγένοντο
846 3589 943 3680 πυρὸς
966 3596 1063 3670 σέλας
1087 3589 1303 3677 ἀμπνείοντες,

326 3766 347 3833 1)
365 3767 405 3820 De
418 3767 459 3818 his
472 3767 578 3820 omnino
591 3765 658 3819 conf.
671 3764 838 3819 Baumeister
852 3763 983 3818 ‘Denlrnn'
997 3781 1017 3818 s.
1031 3783 1053 3818 v.
1066 3764 1172 3821 Medea.
1196 3763 1246 3832 Pyl
1259 3763 1301 3817 ‘de
1313 3763 1427 3820 Medeae

239 3855 329 3908 fabula
354 3858 424 3922 part.
450 3850 495 3918 11³,
522 3852 585 3906 diss
608 3851 695 3907 Berol.
720 3852 795 3906 1850.
837 3851 867 3904 Ο.
890 3851 961 3904 Jahn
984 3853 1011 3905 in
1034 3850 1172 3904 Archaeol.
1198 3850 1312 3919 Zeitung
1333 3849 1427 3904 XXIV

239 3939 329 4010 (1866)
346 3957 372 4009 p.
391 3939 442 3992 233
460 3955 515 4008 sqq.

325 4024 346 4094 ²)
365 4025 446 4080 Nulla
469 4026 538 4079 ratio
560 4032 600 4079 est
614 4025 741 4079 habenda
760 4040 801 4092 ep.
820 4022 858 4076 VI
876 4039 1000 4077 versuum
1018 4023 1132 4088 31-38,
1158 4039 1223 4090 quos
1241 4023 1428 4092 interpolatori

239 4112 393 4167 tribuendos
411 4127 469 4166 esse
486 4119 548 4180 post
565 4111 725 4167 Merkelium
742 4109 894 4164 Palmerum
912 4109 1032 4162 Riesinm
1049 4116 1122 4187 *recte
1140 4109 1321 4177 comprobavit
1333 4109 1429 4164 Petere

242 4200 447 4253 ‘observationes
469 4198 503 4250 ad
521 4199 551 4251 P.
571 4197 648 4251 Ovidi
665 4196 781 4250 Nasonis
804 4194 906 4249 heroid.
930 4195 1016 4263 epist'
1035 4195 1098 4248 dise.
1117 4195 1234 4262 Gotting.
1255 4193 1322 4247 1882
1339 4211 1365 4262 p.
1384 4195 1428 4248 23.

324 4283 346 4352 ³)
365 4284 505 4353 Sequimur
523 4301 581 4339 eum
594 4283 760 4351 potissimum
774 4281 901 4347 ordinem,
921 4297 972 4350 quo
986 4281 1090 4349 singula
1102 4281 1128 4333 in
1142 4287 1245 4334 metam.
1259 4287 1427 4346 enarrantur,

241 4372 302 4439 quia
320 4372 363 4424 hic
381 4372 469 4424 omnia
487 4372 605 4442 collecta,
625 4371 652 4423 in
671 4386 712 4436 ep.
731 4367 785 4422 Xll
803 4376 830 4422 et
847 4367 886 4422 Vl
904 4370 983 4422 variis
1002 4367 1068 4422 locis
1086 4368 1217 4435 dissipata
1235 4367 1355 4434 legimus.
