3214 4854
286 499 352 563 Sed
375 500 407 562 in
430 523 468 564 eo
492 509 549 579 est,
574 509 609 563 ut
631 499 746 564 eadem
762 508 859 584 atque
876 521 973 584 supra
988 485 1134 564 adliibita
1148 502 1384 586 ratione'quam

199 603 440 666 accuratissime
464 603 510 666 eis
533 625 660 690 quoque
677 603 762 666 inter
777 624 811 666 se
828 600 962 683 collatis,
987 625 1069 689 quae
1085 603 1275 690 Apollonius
1290 601 1387 690 quae·

199 729 263 793 que
285 706 370 770 Naso
395 705 435 769 de
458 705 597 771 Medeae
624 706 811 792 Iasonisque
835 705 997 770 amoribus
1019 707 1126 789 tradit,
1150 717 1309 793 quatenus
1331 706 1385 771 hic

198 809 283 874 illius
316 831 432 895 poema
464 810 498 873 in
531 831 624 874 usum
655 809 865 890 converterit,
906 810 1138 896 perquiramus,
1189 811 1258 874 Iam
1288 811 1386 896 igitur

198 922 307 1000 partes
331 923 428 996 agant
449 913 641 998 praecipuas

592 1053 729 1120 Iason
759 1055 802 1120 et
831 1051 991 1120 Medea.

286 1188 393 1268 Quam
420 1187 563 1253 fabulam
591 1186 743 1270 Ovidius,
778 1188 854 1275 quia
882 1210 955 1251 eam
985 1190 1164 1270 adamavit,
1194 1188 1265 1276 plus
1289 1211 1386 1276 quam

199 1315 263 1356 uno
292 1291 362 1355 loco
392 1292 572 1356 carminum
602 1315 731 1356 suorum
759 1314 823 1355 non
850 1290 951 1354 solum
978 1290 1096 1354 leviter
1123 1292 1296 1376 significat,
1327 1292 1384 1356 sed

140 1397 143 1404 ⁴
188 1396 358 1480 'copiosius
388 1395 546 1481 proponit.
590 1394 750 1481 Pleraque
782 1403 890 1458 autem
919 1394 960 1458 de
989 1417 1028 1459 ea
1053 1395 1181 1480 prodita
1202 1396 1384 1460 invenimus

201 1521 274 1562 cum
296 1499 331 1563 in
354 1497 497 1586 epistulis
519 1497 658 1562 Medeae
682 1497 777 1584 (XII)
802 1506 835 1561 et
856 1497 1051 1584 Hysipylae,
1082 1509 1150 1562 tum
1172 1498 1262 1563 initio
1286 1508 1384 1562 meta-

200 1601 414 1687 morphoseon
442 1601 517 1666 libri
545 1601 682 1687 septimi.
727 1601 778 1665 Ac
805 1602 1081 1686 praemonendum
1104 1601 1234 1666 videtur
1255 1613 1384 1687 poetam
1420 1609 1424 1616 '

200 1705 271 1769 loco
295 1705 348 1770 illo
371 1713 501 1768 metam.
525 1726 666 1790 semper,
690 1728 731 1769 ne
754 1704 884 1768 fabulae
908 1706 1144 1769 enarrationem
1167 1702 1292 1789 longius
1315 1729 1384 1791 pro-

174 1809 313 1890 ducat,
342 1809 505 1873 brevitate
535 1806 677 1892 eleganti
704 1831 797 1872 usum
823 1808 977 1872 nonnulla
1002 1808 1271 1893 praetermisisse,
1302 1830 1384 1894 quae

200 1913 242 1976 ad
264 1933 334 1976 rem
355 1909 578 1991 illustrandam
600 1911 783 1976 necessario
806 1934 870 1975 non
891 1913 1064 1997 pertinent.
1110 1911 1182 1991 Quo
1206 1911 1255 1992 fit,
1285 1921 1321 1975 ut
1343 1912 1385 1974 ad

200 2014 344 2080 fabulam
371 2015 473 2102 qualis
498 2015 565 2078 illic
588 2015 799 2079 adumbratur
822 2013 1035 2100 supplendam
1057 2014 1110 2080 vel
1134 2017 1232 2079 etiam
1254 2014 1384 2078 uberius

200 2119 428 2208 explicandam
451 2118 540 2182 haud
562 2141 667 2204 pauca
689 2141 732 2182 ex
755 2118 900 2203 epistulis
923 2119 1088 2183 afferenda
1110 2120 1182 2182 sint.

287 2226 337 2288 Dc
366 2225 500 2287 adventu
530 2223 628 2307 igitur
650 2223 909 2308 Arponuatoram
931 2221 1084 2286 Medeam
1112 2223 1260 2286 videmus
1283 2222 1385 2286 verba

200 2328 309 2392 facere
332 2328 365 2392 in
389 2326 525 2413 epistula
548 2326 590 2389 ad
612 2326 760 2390 Iasonem
784 2325 861 2388 data
883 2350 914 2389 v.
938 2331 979 2395 29
1002 2348 1065 2412 sq.:

406 2465 536 2550 ‘accipit
557 2464 695 2550 hospitio
718 2465 853 2527 iuvenes
875 2463 982 2527 Aeeta
1003 2463 1167 2547 Pelasgos,

451 2578 483 2632 et
504 2569 650 2653 premitis
672 2568 786 2652 pictos,
811 2588 946 2652 corpora
969 2567 1068 2650 graia,
1092 2567 1196 2647 toros',

199 2747 262 2810 quo
286 2723 423 2787 disticho
446 2733 542 2808 poeta
564 2723 696 2787 videtur
719 2722 761 2785 ad
785 2743 824 2783 ea
845 2731 1003 2806 spectare,
1027 2745 1110 2808 quae
1130 2720 1319 2807 Apollonius
1344 2723 1383 2787 de

200 2827 302 2912 epulis
324 2828 357 2891 in
379 2828 505 2892 Aeetae
529 2827 623 2890 domo
646 2825 766 2912 paratis
789 2824 895 2910 prodit
916 2825 967 2888 ΠΙ
988 2832 1051 2896 299
1074 2848 1156 2911 sqq.:

287 2971 390 3052 δμῶες
413 2964 436 3033 δ’
464 2961 581 3032 ὁππότε
605 2960 644 3051 δή
670 2989 740 3050 σφιν
765 2968 906 3052 ἐπαρτέα
928 2971 1034 3052 tinas
1060 2962 1189 3050 ἐδωδήν,

288 3171 452 3250 ἀσπασίως
469 3169 572 3262 δόρπῳ
589 3199 624 3238 τε
638 3174 753 3258 ποτῆτί
765 3199 800 3237 τε
812 3169 915 3256 tepor
929 3167 1064 3255 ἄρεσσαν
1074 3169 1173 3255 (adde
1182 3191 1213 3232 v.
1222 3173 1285 3237 270
1293 3171 1385 3254 sqq.).

199 3329 270 3392 Nec
292 3349 445 3412 magnum
469 3327 644 3390 constituas
667 3347 705 3390 eo
728 3324 800 3388 fieri
820 3324 1003 3405 discrimen,
1028 3324 1114 3410 quod
1135 3322 1189 3388 hic
1205 3324 1311 3388 Iasoni
1326 3323 1386 3386 nisi

200 3432 342 3516 Augiam
365 3441 398 3494 et
413 3428 634 3510 Telamonem,
657 3428 772 3492 Phrixi
792 3427 919 3514 fili0s1)‚
944 3437 977 3491 et
991 3427 1116 3511 Argum
1134 3429 1266 3492 comites
1282 3425 1386 3491 nullos

201 3559 271 3602 esse
299 3538 343 3622 (v.
371 3535 465 3618 440),
499 3533 554 3596 ille
581 3534 787 3616 Argonautas
822 3531 908 3617 apud
936 3553 1049 3615 regem
1079 3552 1190 3595 omnes
1219 3521 1386 3595 versantes

200 3639 255 3713 (cf.
286 3640 384 3702 etiam
407 3662 437 3702 v.
460 3638 516 3725 51)
539 3636 648 3721 fingit:
679 3635 811 3699 minime
839 3635 925 3698 enim
948 3633 1057 3699 Ovidii
1085 3634 1220 3698 interest
1241 3633 1387 3720 pluribus

200 3743 366 3829 persequi,
397 3740 484 3826 quod
505 3739 696 3826 Apollonius
725 3737 826 3802 refert
847 3738 996 3803 iasonem
1020 3760 1098 3800 cura
1120 3737 1279 3801 sociorum
1302 3759 1386 3800 com-

199 3855 323 3910 motum
349 3845 538 3930 imperasse,
569 3853 605 3907 ut
628 3843 729 3907 ceteri
752 3842 784 3906 in
807 3842 883 3906 navi
905 3849 1112 3905 remanerent
1134 3839 1147 3925 (
1172 3890 1178 3903 .
1205 3845 1263 3908 171
1288 3840 1385 3927 sqq.);

200 3960 233 4014 et
257 3971 305 4032 eo,
329 3948 416 4036 quod
439 3971 550 4012 omnes
564 3947 775 4030 Argonautae
798 3946 911 4010 adesse
929 3945 1089 4026 dicuntur,
1113 3943 1287 4026 imaginem
1303 3967 1385 4029 quae

200 4052 255 4116 hic
284 4053 343 4117 sub
372 4061 540 4138 aspectum
571 4051 729 4116 subicitur
758 4049 876 4113 vividis
907 4047 1068 4112 coloribus
1098 4043 1231 4132 depingi
1258 4046 1387 4110 Palmer

199 4157 377 4220 rectissime
400 4155 640 4220 animadvertit.

286 4399 308 4468 1)
327 4399 479 4454 Telamonis
500 4398 653 4452 memoriam
672 4396 781 4450 Ovidius
799 4395 864 4450 facit
882 4402 942 4447 met.
956 4394 1024 4447 XIII
1040 4394 1081 4448 22.
