3214 4854
726 274 939 374 -za-

328 477 399 556 Quo
431 479 516 542 facto
547 478 663 542 heroes
690 477 722 541 in
746 488 912 541 certamen
935 478 1128 540 acerrimum
1152 477 1284 542 adducti
1308 479 1366 564 ipsi
1390 502 1423 543 se

232 581 453 664 interficiunt,
470 581 503 644 id
519 581 606 668 quod
621 580 781 645 simillime
797 581 898 646 refert
913 589 946 644 et
960 592 1057 668 poeta
1071 582 1140 666 ipse
1156 590 1232 645 met.
1245 605 1275 646 v.
1291 588 1348 650 141
1364 606 1423 668 sq.:

396 701 628 786 ‘terrigenae
651 711 790 789 pereunt
811 723 870 787 per
892 711 1004 767 mutua
1026 700 1162 768 vulnera
1184 701 1299 767 fratres

396 805 547 893 civilique
573 804 693 870 eadunt
715 804 806 888 aeie',

185 973 188 980 .
241 934 273 989 et
295 925 415 990 Medea
438 949 488 1012 ep,
512 926 579 990 XII
602 932 643 996 99
666 948 726 1013 sq.:

449 1047 715 1132 terrigenam)
739 1088 780 1096 -
803 1045 928 1111 facinus
950 1045 1098 1111 mirabile
1121 1047 1300 1112 -fratres

394 1151 480 1214 inter
503 1173 536 1215 se
561 1152 688 1216 strictas
711 1173 905 1217 conseruere
929 1151 1060 1232 manus’,

241 1288 356 1373 quibus
373 1287 540 1374 adiungas,
557 1289 644 1377 quod
659 1289 841 1377 Hypsipyle
858 1288 970 1353 scribit
985 1288 1102 1354 heroes
1119 1290 1162 1355 ‘in
1177 1313 1293 1355 necem
1309 1289 1427 1353 dextra

241 1414 305 1455 non
336 1392 462 1476 eguisse
490 1393 553 1456 tua'
585 1399 646 1480 (ep.
669 1393 717 1458 VI
743 1397 804 1476 12).
849 1391 1064 1466 Statuendum
1093 1417 1171 1458 sane
1194 1404 1243 1458 est
1262 1392 1426 1457 Nasonem

241 1493 295 1558 hic
319 1518 382 1560 non
406 1497 512 1561 omnia
528 1518 603 1560 cum
618 1496 790 1583 Apollonio
814 1496 1026 1580 congruentia
1041 1519 1188 1561 narrare:
1212 1497 1238 1561 is
1255 1497 1340 1561 enirn
1356 1496 1425 1560 illos

241 1621 305 1663 non
328 1594 433 1664 solum
453 1598 555 1664 caede
579 1610 690 1664 mutua
712 1601 833 1682 necari,
860 1622 973 1664 verum
998 1601 1096 1665 etiam
1119 1600 1160 1665 ab
1183 1601 1298 1665 Iasone
1322 1600 1424 1664 occidi

240 1702 334 1788 fingit
357 1707 400 1785 (v.
426 1710 508 1774 1373
524 1706 617 1791 sqq).
657 1704 727 1768 Nec
750 1712 859 1768 tamen
882 1712 1006 1768 tantum
1029 1715 1164 1792 apparet
1186 1703 1369 1786 discrimen,
1392 1715 1427 1767 ut

241 1805 304 1870 hoc
328 1829 371 1870 ex
394 1806 509 1871 eodem
532 1808 619 1873 fonte
642 1806 823 1894 profectum
847 1829 916 1872 esse
940 1829 1050 1891 neges

326 1911 477 1997 Denique
501 1935 584 1999 quae
608 1920 684 1976 met.
707 1935 739 1976 v.
761 1916 822 1980 142
838 1933 905 1998 sqq.
923 1910 964 1975 de
980 1911 1116 1976 Achivis
1130 1910 1314 1998 Medeaque
1330 1913 1426 1978 valde

241 2014 359 2098 gavisis
381 2015 568 2100 produnter,
593 2015 747 2081 Ovidium
769 2026 806 2080 ut
826 2016 1044 2080 narrationem
1067 2014 1206 2080 dicendo
1230 2026 1367 2100 augeret
1386 2016 1427 2080 de

241 2139 297 2181 suo
327 2118 498 2183 inseruisse
521 2119 586 2183 iam
609 2143 673 2184 non
695 2119 901 2202 infitiaberis,
931 2119 958 2184 si
979 2141 1092 2183 versus
1115 2141 1189 2182 cum
1214 2124 1427 2202 11511120,

241 2230 310 2284 tum
334 2227 395 2290 133
418 2245 485 2308 sqq.
491 2272 500 2305 ,
531 2222 646 2309 quibus
674 2225 753 2287 item
783 2222 920 2287 affectus
940 2221 1080 2288 Medeae
1111 2231 1144 2286 et
1165 2222 1428 2308 Argonautarum

242 2323 479 2409 describuntur,
496 2335 532 2390 ut
548 2336 614 2391 tota
629 2350 681 2391 res
696 2326 856 2392 viridiore
872 2326 968 2392 modo
984 2324 1208 2409 illustraretur,
1225 2327 1429 2416 interpositos

240 2450 309 2492 esse
340 2429 400 2493 tibi
426 2431 634 2515 persuaseris.
680 2431 722 2495 Et
744 2430 904 2496 simillimo
929 2429 1110 2495 exornandi
1133 2430 1265 2497 consilio
1289 2431 1429 2496 Ovidius

241 2530 281 2594 de
304 2532 424 2596 Medea
447 2533 539 2598 addit
560 2558 592 2599 v.
618 2538 680 2602 144
702 2558 787 2621 sqq:

369 2675 414 2735 ‘tu
437 2695 565 2759 quoque
587 2672 746 2737 victorem
770 2671 952 2759 complecti,
976 2672 1126 2755 barbara,
1150 2673 1268 2738 velles:

369 2776 493 2841 obstitit
514 2776 644 2862 incepto
667 2776 781 2862 pudor.
805 2787 838 2840 at
861 2776 1032 2862 complexa
1055 2777 1184 2862 fuisses3

368 2879 426 2944 sed
449 2890 481 2944 te
503 2889 545 2944 ne
568 2879 694 2944 faceres
718 2881 822 2945 tenuit
843 2881 1029 2945 reverentia
1051 2879 1176 2945 famae'.

239 3016 303 3080 Hic
333 3027 442 3095 autem
472 3029 505 3083 et
535 3018 606 3089 aliis
634 3018 714 3083 locis
743 3017 796 3100 (cf.
821 3018 919 3081 etiam
944 3041 994 3105 ep.
1018 3019 1159 3100 11181),
1190 3018 1247 3083 ubi
1269 3028 1365 3106 poeta
1388 3041 1428 3084 10

238 3120 402 3205 procedit,
433 3130 469 3186 ut
491 3121 643 3187 Medeam
673 3131 846 3186 vocantem
876 3120 975 3187 faciat
1004 3122 1179 3186 barbaram
1207 3121 1261 3187 vel
1289 3123 1428 3208 patriam

239 3229 327 3297 (met.
350 3249 381 3289 v.
405 3229 459 3307 53)
483 3225 537 3290 vel
566 3249 600 3290 se
623 3227 725 3313 ipsam
748 3227 813 3312 (ep.
837 3227 901 3290 XII
926 3232 997 3296 105.
1021 3226 1105 3290 adde
1129 3251 1161 3292 v.
1186 3230 1255 3309 70),
1286 3225 1427 3313 puellam

239 3349 258 3388 a
277 3325 478 3392 Graecorum
501 3329 645 3415 partibus
668 3341 754 3396 stare
777 3327 940 3396 indicatur
963 3330 1017 3418 (of.
1042 3331 1139 3395 etiam
1157 3331 1232 3395 Eur.
1249 3329 1337 3394 Med.
1352 3335 1427 3398 256.

239 3435 312 3499 536.
336 3435 422 3512 501).

325 3535 395 3610 Iam
419 3536 610 3601 comitemur
624 3536 771 3603 Iasonem
786 3551 946 3624 postremo
962 3537 1069 3601 labore
1084 3536 1342 3622 perfringentem.
1375 3537 1427 3601 Ac

238 3637 387 3702 videmus
416 3649 545 3724 poetam
574 3640 628 3704 hic
655 3664 782 3728 quoque
805 3642 967 3705 maximae
991 3639 1121 3705 studere
1144 3641 1298 3705 brevitati
1319 3661 1428 3704 narra-

238 3741 348 3806 tionis:
373 3765 479 3829 neque
503 3743 589 3809 enim
612 3745 808 3815 mentionem
831 3744 910 3808 facit
924 3744 1060 3826 Aeetae,
1085 3744 1140 3830 qui
1163 3766 1237 3806 cum
1259 3743 1293 3806 in
1312 3742 1427 3807 urbem

238 3845 388 3929 redisset,
419 3847 452 3910 in
475 3846 670 3912 Colchorum
699 3847 968 3913 nobilissimorum
1000 3847 1149 3912 contione
1177 3847 1354 3932 suspicatus
1378 3857 1427 3910 est

238 3948 387 4014 Iasonem
410 3960 500 4015 tanta
522 3951 668 4038 pericula
689 3975 755 4016 non
777 3951 846 4015 sine
870 3949 977 4036 aliquo
1003 3951 1122 4015 auxilio
1146 3950 1341 4037 suscepisse,
1364 3972 1427 4015 nee

238 4053 391 4118 Medeam
407 4066 564 4120 memorat
575 4056 723 4142 proxima
735 4063 831 4119 nocte
844 4052 939 4118 domo
952 4053 994 4117 ad
1006 4055 1096 4139 Argo
1108 4076 1225 4118 navem
1237 4075 1427 4141 properasse

238 4179 342 4245 eaque
368 4181 442 4222 cum
458 4157 582 4243 Iasone,
607 4161 663 4246 qui
677 4157 801 4223 vellere
817 4179 916 4224 aureo
931 4159 1098 4246 potiretur,
1121 4158 1155 4222 in
1170 4180 1283 4223 nemus
1299 4178 1429 4222 sacrum

342 4385 362 4450 ¹)
381 4407 413 4432 =
432 4392 551 4457 γηγενής
569 4385 619 4462 Ap.
639 4405 663 4449 v,
682 4383 756 4445 1048.
776 4385 852 4444 1347.
873 4386 990 4445 135511.
1030 4385 1161 4457 Γίγαντες
1179 4402 1203 4440 v.
1223 4381 1298 4438 1054.
