3214 4854
672 330 887 392 ...45-

189 506 318 560 veotam
350 516 420 558 esse
442 533 486 542 -ψ
508 516 591 580 quae
614 494 804 580 Apollonius
828 517 902 558 cum
925 505 1018 580 grata
1041 493 1180 581 quadam
1202 495 1376 559 verborum

188 599 339 663 ubertate
366 619 405 661 ac
429 598 522 684 copia
544 596 627 663 libro
650 598 700 661 III
723 608 864 662 exeunte
889 608 922 661 et
943 597 991 662 IV
1013 599 1144 662 ineunte
1168 608 1243 662 ante
1267 598 1377 663 oculos

188 703 280 788 ponit
292 724 352 764 -:
375 701 474 766 immo
496 701 565 764 sine
587 701 654 765 ulla
676 723 766 766 mora
789 700 912 766 medias
928 703 960 764 in
977 724 1029 766 res
1045 702 1187 788 rapimur
1202 701 1252 766 his
1267 700 1377 765 verbis

189 811 279 888 (met.
302 829 334 869 v.
359 808 446 886 tta:

344 907 583 995 ‘pervigilem
606 918 754 995 superest
775 909 887 973 herbis
910 913 1016 994 sopire
1039 907 1264 986 draconem’.

188 1011 358 1078 Vocabulo
389 1021 498 1075 autem
527 1011 683 1098 ‘pervigil’
707 1013 760 1096 (cf.
785 1035 835 1098 ep.
858 1012 906 1076 VI
931 1018 970 1081 13
994 1013 1056 1076 XII
1079 1017 1131 1095 60)
1155 1012 1209 1077 vel
1232 1012 1378 1100 ‘insopor'

190 1123 253 1202 (ep.
270 1115 333 1179 XII
358 1121 432 1200 101)
459 1115 510 1180 vel
533 1115 707 1202 ‘insopitus'
730 1121 818 1200 (met.
834 1139 865 1180 v.
883 1119 936 1198 36)
959 1115 1069 1182 addito
1086 1115 1224 1181 Ovidius
1246 1117 1379 1204 respicit

191 1219 327 1298 ἀΰπνους
340 1217 538 1308 δρῇαλμοίς,
552 1219 669 1304 quibus
680 1242 819 1305 anguem
828 1219 981 1283 Medeam
989 1220 1201 1306 Iasonemque
1214 1221 1378 1307 aspexisse

188 1321 379 1409 Apollonius
402 1322 482 1386 dicit
496 1321 545 1385 IV
562 1326 639 1408 1283
664 1333 697 1387 et
712 1346 851 1408 anguem
869 1323 1019 1386 ‘avidum'
1034 1345 1155 1388 vocans
1172 1328 1260 1405 (met.
1277 1347 1308 1388 v.
1324 1330 1377 1406 31)

190 1426 418 1490 crudelitatem
443 1426 511 1490 eius
535 1435 567 1490 et
589 1427 801 1512 rapacitatem
824 1426 994 1512 significat,
1019 1426 1121 1512 qualis
1145 1450 1187 1491 ex
1206 1427 1378 1514 Apollonio

189 1531 362 1616 perspicua
384 1528 430 1612 fit,
454 1531 509 1615 qui
533 1529 573 1594 de
597 1528 738 1594 dracone
754 1531 902 1595 Iasonem
925 1528 1058 1594 vidente
1074 1529 1157 1594 haec
1173 1531 1221 1594 IV
1240 1535 1301 1602 154
1317 1553 1377 1618 sq.:

350 1631 432 1720 tuot
457 1639 652 1723 σμερδαλέην
676 1633 819 1723 κεφαλὴν
843 1639 1002 1721 μενέαινεν
1027 1633 1139 1722 ἀείρας

348 1735 551 1826 ἀμφοτέρους
575 1736 682 1827 ὀλοῇσι
705 1736 892 1826 περιπτύξαι
914 1736 1081 1824 γενύεσσιν.

276 1857 386 1920 Draco
402 1866 510 1920 autem
526 1856 630 1943 qualis
645 1857 743 1921 fuerit
758 1856 883 1922 duobus
899 1857 1086 1944 depingitur
1101 1856 1180 1921 locis
1198 1856 1377 1940 Ovidianis‚

190 1983 326 2046 quorum
349 1959 431 2024 alter
452 1959 572 2044 legitur
594 1969 670 2025 met.
694 1985 725 2025 v.
752 1966 814 2030 150
835 1984 899 2048 sq.:

345 2063 410 2150 ‘qui
433 2062 530 2126 crista
552 2063 734 2151 linguisque
758 2064 861 2129 tribus
883 2065 1063 2150 praesignis
1086 2075 1119 2129 et
1141 2066 1233 2130 uncis

344 2165 495 2230 dentibus
518 2165 699 2232 horrendus
722 2178 829 2233 custos
852 2179 922 2232 erat
944 2168 1068 2233 arboris
1091 2169 1230 2250 aureae,

190 2269 273 2334 alter
296 2279 344 2334 est
367 2291 417 2356 ep.
442 2269 505 2332 XII
530 2275 590 2340 101
610 2293 671 2357 sq.:

672 2376 822 2461 ‘squamis
846 2375 1079 2462 crepitantibus
1102 2375 1237 2440 horrens

344 2478 478 2543 sibilat
501 2490 534 2543 et
556 2489 636 2544 toto
661 2501 821 2565 corpore
843 2481 967 2544 verrit
989 2480 1159 2561 humum’,

189 2581 244 2667 qui
268 2581 402 2646 delibati
425 2591 498 2647 sunt
521 2606 565 2648 ex
586 2582 808 2670 Apolloniams
831 2583 878 2648 IV
903 2588 963 2652 127
986 2606 1069 2670 sqq:

346 2685 448 2775 αὐτὰρ
470 2684 487 2756 δ
511 2685 640 2776 ἀντικρὺ
664 2685 843 2777 περιμήκεα
866 2692 985 2755 τείνετο
1010 2685 1112 2775 δειοην

344 2787 415 2872 ὀξὺς
437 2789 579 2862 ἀύπνοισι
601 2788 734 2880 προϊδὼν
755 2787 829 2878 ίρις
852 2787 1062 2878 έρῖιαλμοῖσιν

343 2899 552 2979 νισσομένους,
579 2898 594 2982 ρ
623 2898 693 2974 ίζει
716 2895 754 2960 δέ
778 2891 953 2982 πελώριον
977 2901 1055 2974 κτλ,

191 3003 277 3060 etv.
303 3000 364 3064 143
388 3019 448 3083 sq.:

345 3099 387 3180 ιδς
409 3099 481 3169 τότε
505 3113 589 3169 κεῖνο
613 3106 751 3190 πέλωρον
776 3101 997 3190 ἀπειρεσίας
1021 3104 1196 3183 ἐλέλιξεν-

345 3202 532 3290 ρυμβένας
555 3203 758 3296 ἀζαλέῃσιν
783 3209 997 3293 ἐπηρεφέας
1022 3209 1245 3288 φολίδεσσιν.

189 3321 262 3385 Nec
284 3345 348 3387 non
369 3345 491 3406 versus,
516 3324 632 3411 quibus
648 3325 795 3408 Ovidius,
819 3323 978 3410 quomodo
1001 3325 1116 3408 anguis
1131 3347 1150 3387 a
1166 3324 1286 3389 Medea
1301 3349 1374 3392 con-

190 3424 312 3512 sopitus
335 3427 384 3508 sit,
408 3426 550 3514 explicat
573 3421 658 3492 met(
672 3453 702 3493 v.
729 3434 789 3498 152
811 3452 896 3516 sqq:

277 3527 374 3594 ‘hunc
396 3541 564 3617 postquam
587 3533 702 3617 sparsit
723 3531 861 3596 Lethaei
884 3532 1029 3618 gramine
1052 3533 1122 3596 suci
1241 3607 1243 3612 Ι

235 3693 236 3696 ,
276 3633 442 3721 verbaque
465 3644 515 3699 ter
538 3636 621 3698 dixit
642 3634 786 3720 placidos
809 3635 961 3701 facientia
983 3659 1120 3719 somnos,

276 3758 359 3822 quae
383 3760 471 3801 mare
494 3737 669 3820 turbatum,
693 3761 776 3824 quae
800 3741 953 3805 concita
975 3739 1134 3805 flumina
1158 3741 1308 3821 sistunt,

276 3862 405 3904 somnus
426 3840 461 3904 in
482 3841 609 3926 ignotos
631 3841 741 3908 oculos
764 3843 825 3906 sibi
847 3844 946 3908 venit’
969 3842 1067 3926 (adde
1084 3867 1133 3930 ep.
1151 3845 1214 3907 XII
1232 3850 1304 3922 107)

189 3953 305 4024 deberi
327 3970 418 4046 patet
440 3962 589 4048 exemplo
612 3962 776 4050 Apollonii
798 3987 828 4027 v.
855 3969 915 4032 156
938 3987 1005 4051 sqq.
1030 3965 1084 4049 (de
1107 3963 1253 4046 Medea):

344 4063 363 4154 ἣ
387 4070 423 4132 δέ
446 4093 495 4151 μιν
520 4064 690 4154 &pueritiae
713 4072 781 4134 νέον
804 4067 956 4158 τετμηότι
978 4074 1089 4160 δαλλῷ

345 4166 496 4251 βάπτουσ’
520 4173 557 4236 έκ
581 4175 740 4249 κυκεῶνος
763 4169 914 4258 ἀκήρατα
937 4171 1083 4262 φάρμακ’
1107 4171 1231 4250 ἀοιδαῖς

345 4274 432 4357 ῥαῖνε
449 4271 522 4339 κατ’
539 4271 727 4362 ὂρῒταλμῶν·
744 4277 814 4362 περί
828 4273 856 4341 τ’
874 4273 958 4362 ἀμφί
973 4302 1008 4344 τε
1024 4274 1148 4364 νήριτος
1164 4274 1244 4364 ὀδμή

347 4370 519 4462 φάρμακον
543 4373 635 4444 11πνον
661 4383 783 4462 ἔβαλλε.
