3214 4854
663 382 701 390 „.
747 346 788 409 <35
833 381 873 388 ,-

306 512 463 604 ἀνδράσι
485 517 716 605 τευχηστῇσι
739 520 871 600 δέμας·
895 513 968 592 τοὺς
993 515 1017 582 δ’
1042 507 1120 583 adiu
1143 520 1258 596 δαΐζων

305 622 398 704 κείρω
424 623 489 710 ἐμῷ
512 616 569 687 tat
595 621 680 708 δουρὶ
695 617 888 704 Ιπερισταδόν
913 615 1105 697 ἀντιόωντας
1122 669 1128 682 .
1146 670 1152 683 .
1170 670 1175 684 .
1192 671 1198 684 .
1217 671 1222 683 .

306 771 649 789 ............
674 721 709 813 σὺ
738 721 763 790 δ’
792 726 819 790 εἰ
846 719 924 790 τάδε
951 733 1023 790 τοῖα
1050 723 1223 806 τελέσσεις,“

306 825 454 916 αὐτῆμαρ
477 825 550 896 τόδε
574 833 662 906 κῶας
686 825 833 895 ἀποίσεαι
858 829 903 904 εἰς
925 831 1083 914 βασιλῆος,

175 962 328 1050 idemque
367 987 401 1028 se
440 987 460 1027 a
492 988 571 1049 rege
605 966 726 1030 iussum
762 987 831 1027 esse
865 963 959 1028 sociis
991 963 1087 1028 lason
1119 975 1231 1050 postea
1263 965 1363 1030 refert

174 1089 206 1130 v.
222 1073 286 1136 495
302 1091 370 1154 sqq.
416 1067 482 1132 Sed
498 1067 654 1133 Ovidium
675 1091 739 1133 non
762 1065 864 1140 solum
888 1065 929 1130 de
952 1067 1051 1131 tauris
1075 1067 1243 1138 domandis
1265 1078 1362 1155 atque

175 1171 352 1235 seminibus
374 1171 530 1236 iaciendis
546 1195 661 1236 verum
678 1173 776 1235 etiam
792 1172 833 1235 de
849 1169 972 1235 vellere
990 1170 1165 1236 auferendo
1183 1171 1227 1257 (v.
1243 1177 1285 1241 49
1301 1174 1361 1260 sq.)

174 1275 277 1339 verba
299 1274 408 1338 facere
432 1275 719 1339 animadvertimus
741 1274 839 1361 idque
862 1273 1062 1358 itafingere,
1087 1275 1178 1360 quasi
1194 1275 1291 1339 etiam
1307 1275 1362 1339 hic

174 1377 266 1442 labor
294 1386 474 1464 postremus
504 1379 609 1442 lasoni
641 1378 682 1443 ab
709 1379 815 1442 Aeeta
844 1379 1020 1463 imperatus
1049 1377 1105 1460 sit3
1139 1379 1246 1462 pergit
1276 1379 1362 1442 enim

174 1491 246 1567 post
273 1481 354 1545 illud
384 1481 545 1546 distichon
567 1482 687 1546 Medea
717 1481 878 1568 profiteri:
910 1479 1050 1546 ‘dixerat
1071 1481 1202 1544 Aeetes’
1226 1482 1270 1568 (v.
1294 1482 1360 1569 51).

174 1584 283 1671 Atque
307 1595 355 1649 est
377 1587 514 1671 scriptor
537 1587 592 1672 qui
613 1585 648 1649 id
671 1608 798 1672 quoque
823 1585 863 1649 ab
886 1585 992 1648 Aeeta
1012 1584 1208 1668 Argonautis
1230 1585 1362 1649 manda-

174 1698 243 1751 tum
273 1711 343 1752 esse
373 1691 548 1754 memoriae
578 1688 762 1770 tradiderit,
795 1689 868 1752 dico
897 1687 1117 1769 Herodorum,
1150 1687 1235 1773 apud
1264 1711 1361 1774 quem

173 1791 322 1855 Iasonem
344 1802 379 1856 ut
401 1790 505 1856 vellus
527 1801 700 1878 recuperet
722 1814 782 1855 rex
804 1792 873 1878 ipse
895 1791 994 1856 mitt't
1014 1801 1047 1855 et
1067 1790 1189 1856 vellere
1209 1791 1305 1855 allato
1323 1815 1360 1857 eo

173 1895 314 1960 retinere
330 1896 401 1960 vult
416 1895 557 1978 consilio,
574 1906 610 1960 ut
621 1895 817 1979 Argonautis
830 1894 961 1959 insidias
973 1895 1214 1982 perniciemque
1227 1905 1328 1981 paret.
1336 1896 1360 1982 1)

172 1998 218 2061 At
249 2021 266 2062 e
296 2007 364 2064 tota
390 2001 438 2062 rei
466 1999 648 2085 descriptae
671 2000 795 2064 ratione
820 1997 975 2064 Ovidium
998 1999 1104 2064 omnia
1126 1999 1173 2062 sic
1197 2021 1359 2084 exponere

173 2100 290 2184 elucet,
314 2112 350 2166 ut
371 2103 467 2167 Iason
488 2103 671 2189 Medeaque
695 2102 799 2167 vellus
818 2102 996 2168 Phrixeum
1019 2103 1119 2167 inscio
1134 2103 1241 2166 Aeeta
1263 2111 1359 2188 atque

172 2205 273 2270 invito
289 2206 459 2293 abripiant,
481 2206 622 2294 ideoque
640 2207 736 2271 etiam
751 2206 814 2270 hac
829 2207 913 2270 inre
929 2207 1022 2292 sequi
1032 2204 1196 2292 Apollonii
1211 2207 1359 2290 vestigia,

134 2354 142 2366 .
172 2309 228 2395 qui
259 2333 312 2374 eos
343 2308 464 2374 vellere
493 2311 611 2395 potitos
639 2333 709 2375 esse
738 2309 825 2396 παρὰ
847 2309 915 2379 νόον
938 2308 1058 2396 Αἰήταο
1083 2308 1202 2373 diserte
1225 2317 1361 2373 testatur

173 2411 237 2500 (IV
261 2415 345 2500 102).
393 2413 488 2494 Quod
517 2437 591 2478 cum
614 2415 660 2477 ita
683 2415 738 2495 sit,
768 2411 839 2478 illos
863 2413 975 2477 Ovidii
997 2435 1108 2477 versus
1132 2419 1173 2482 49
1197 2436 1258 2499 sq,
1287 2435 1360 2476 cum

172 2539 288 2602 neque,
312 2517 368 2581 ubi
383 2516 473 2581 libris
489 2541 567 2581 msc.
586 2518 792 2600 exhibentur,
810 2518 914 2580 teneri
929 2539 1035 2603 neque
1050 2517 1084 2579 in
1100 2515 1198 2581 alium
1215 2517 1360 2580 eiusdem

173 2619 329 2704 epistulae
352 2621 458 2685 locum
475 2623 639 2707 transponi
654 2623 785 2708 possint,
810 2621 966 2704 genuinos
983 2642 1052 2684 esse
1068 2643 1225 2704 negamus
1242 2642 1359 2706 eosque

172 2745 290 2809 operae
314 2723 518 2788 attribuimus
540 2725 777 2810 interpolatoris
801 2724 977 2805 cuiusdam,
1002 2725 1058 2809 qui
1079 2723 1177 2788 nimio
1194 2721 1360 2787 doctrinae

172 2849 249 2890 suae
272 2827 487 2913 proferendae
511 2828 615 2893 studio
639 2829 790 2892 incitatus
814 2849 831 2890 e
854 2826 962 2891 multis
987 2826 1098 2890 Ovidii
1120 2826 1213 2909 locis,
1244 2826 1360 2913 quibus

170 2931 294 2994 Iasonis
316 2930 496 2994 facinorum
520 2933 639 2996 mentio
663 2932 708 3013 fit,
734 2930 894 2996 distichon
916 2930 998 2994 illud
1021 2931 1219 3015 conscripsit.
1232 2929 1257 3016 ²)

258 3033 313 3097 Eis
342 3057 425 3121 quae
449 3036 571 3100 Aeetes
597 3035 798 3122 perficienda
820 3034 988 3098 mandavit
1010 3033 1128 3098 auditis
1150 3033 1360 3118 Argonautae

174 3137 268 3201 domo
302 3139 388 3222 regis
419 3149 556 3221 exeunt,
591 3139 679 3226 quod
708 3138 845 3203 Ovidius
875 3137 1027 3202 Medeam
1056 3138 1256 3201 indicantem
1284 3138 1363 3202 facit
1444 3159 1446 3164 ·

171 3265 203 3306 v.
227 3247 266 3310 51
291 3264 353 3328 sq:

519 3313 673 3376 ‘maesti
699 3312 888 3396 consurgitis
911 3333 1022 3376 omnes

399 3437 574 3503 mensaque
597 3437 775 3502 purpureos
799 3415 920 3479 deserit
942 3415 1007 3480 alta
1028 3416 1134 3497 toros,

170 3591 294 3634 memor
317 3564 411 3636 certe
429 3570 592 3658 Apollonii
616 3594 768 3635 versuum
790 3575 854 3640 439
877 3594 940 3657 sq:

654 3707 671 3778 δ
695 3709 721 3777 δ’
745 3708 807 3778 ἀπὸ
830 3707 944 3798 &prisce
969 3708 1075 3798 ὄρνυτ’
1102 3705 1227 3796 Ἰήσων,

299 3813 434 3904 Αὐγείης
458 3811 613 3899 Τελαμών
636 3842 671 3882 τε
697 3811 905 3902 παρασχεδόν,
931 3815 1036 3882 εἵπετο
1062 3813 1087 3880 δ’
1109 3809 1229 3901 ’Ἄργος

170 3943 203 3998 et
226 3957 257 3998 v.
281 3939 357 4003 448:

300 4060 356 4124 καί
381 4055 406 4142 ῥ’
431 4061 459 4124 οἳ
482 4060 538 4141 μέν
563 4059 603 4142 ῥα
626 4051 729 4141 δόμων
754 4055 907 4142 ἐξήλνῖισν
933 4053 1200 4144 ἀσχαλόωντες.
1223 4093 1266 4102 -

256 4245 277 4313 ¹)
297 4243 337 4300 Cf.
354 4244 453 4299 Miillcr
470 4243 591 4298 FHGH
608 4263 634 4315 p.
648 4246 682 4300 40
700 4246 773 4314 (lgm.
786 4248 841 4312 53).

255 4329 277 4398 2)
304 4331 407 4384 Similia
434 4331 648 4399 interpolationis
676 4334 796 4404 exempla
822 4334 927 4406 collegit
954 4333 1109 4402 Sedlmayer
1136 4329 1262 4407 ‘prolegg
1291 4330 1355 4391 crit'

165 4437 194 4488 p.
215 4420 245 4472 71
261 4435 316 4486 sqq.
