3242 4860
707 363 767 384 ·-
811 299 985 406 erl!

371 503 486 596 Δάφνιν
510 512 630 596 πρῶτον
655 506 741 577 ἄειδε
764 510 821 578 καὶ
844 509 1007 590 ἀσπαῖνέος
1030 510 1143 599 δρόμον
1170 511 1289 602 Ἠχοῦς

368 611 425 678 καὶ
447 607 564 680 κτύπον
588 608 801 700 ύσπερύφωνον
825 610 986 700 ἀσιγήτοιο
1009 617 1152 702 ἓνεαίνης,

365 711 436 781 ‘durs
456 711 554 792 ἱνεούς
576 719 757 794 :conservae
780 713 971 802 ἀπέστυγον·
996 715 1077 786 ἀλλὰ
1101 717 1157 786 καὶ
1181 717 1278 809 αύτήν

370 819 469 904 μέλπε
491 819 590 886 Πίτυν
614 817 807 907 φυγύὸεμνον
832 815 1142 908 desiderabamus
1166 819 1258 911 αύρῃ,

367 917 474 998 Πανὸς
497 917 736 1001 ἀλυσκάζουσαν
761 919 980 1009 ἀνυμφεύτους
1002 919 1170 1010 ὑμεναίους

879 1023 933 1110 (cf.
956 1024 1071 1090 Rohde
1094 1049 1125 1112 p.
1152 1032 1213 1096 164
1235 1027 1309 1092 adn.
1332 1029 1377 1114 b).

322 1159 410 1223 Dum
443 1159 560 1245 poeula
590 1160 800 1224 convivarum
828 1171 1007 1245 mutantur,
1041 1163 1193 1229 Paridem
1222 1188 1265 1229 ex
1294 1165 1420 1247 eodem,

237 1285 300 1348 quo
324 1272 398 1326 ante
420 1263 491 1348 ipsa
512 1262 605 1345 bibit,
628 1263 745 1349 poculo
767 1263 887 1330 bibisse
910 1265 1038 1330 Helena
1060 1277 1170 1332 narrat
1192 1292 1223 1334 v.
1248 1275 1287 1339 79
1311 1291 1371 1356 eq.:

390 1386 434 1445 ‘et
455 1382 551 1447 modo
575 1384 724 1468 suspiras,
747 1383 843 1449 modo
866 1385 983 1471 pocula
1004 1388 1154 1472 proxima
1175 1388 1268 1454 nobis

442 1486 550 1568 eumiS,
573 1508 701 1573 quaque
723 1486 802 1569 bibi,
826 1497 862 1552 tu
884 1511 1012 1576 quoque
1035 1500 1127 1576 parte
1149 1491 1253 1574 bibie',

235 1624 387 1711 idemque
409 1633 445 1688 ut
467 1623 606 1688 amasius
629 1623 736 1707 faciat,
759 1635 856 1711 poeta
877 1626 946 1712 ipse
970 1637 1079 1692 monet
1103 1639 1161 1694 art.
1184 1629 1202 1693 I
1223 1631 1287 1700 575
1310 1623 1374 1716 sq.:'

390 1745 451 1808 ‘fac
474 1744 594 1831 primus
617 1746 723 1831 rapias
745 1745 830 1810 illiue
853 1756 941 1810 tacta
962 1745 1098 1812 labellis
1186 1747 1190 1757 '

440 1848 567 1934 pocula,
590 1871 717 1935 quaque
740 1848 824 1914 bibit
845 1851 936 1935 parte
959 1851 1078 1936 puella,
1102 1850 1213 1933 bibas',

234 1986 322 2074 quod
351 1995 483 2072 praeter
513 1986 591 2051 alios
620 1985 737 2050 multos
767 1987 939 2072 scriptores
966 1988 1133 2052 aRohdio
1160 2012 1191 2075 p.
1217 1995 1279 2084 164
1302 1990 1375 2054 adn.
1399 1997 1419 2060 3

234 2091 349 2154 citatos
370 2089 530 2174 Agathias
553 2087 764 2153 scholasticus
787 2091 919 2176 respicit
941 2091 975 2155 in
997 2091 1097 2156 Anth.
1120 2092 1189 2157 Pal.
1212 2093 1244 2156 V
1265 2098 1341 2162 261:

366 2212 429 2299 εἰμὶ
453 2212 508 2298 μὲν
533 2207 567 2279 ού
591 2207 761 2296 φιλύοινος·
784 2207 861 2278 ’σ’ταν
885 2210 911 2279 δ’
936 2216 1054 2302 §belm
1077 2239 1116 2298 με
1140 2211 1308 2301 pastona,

440 2317 550 2402 πρῶτα
573 2310 609 2382 σύ
632 2318 785 2402 γενομένη
809 2314 963 2404 πρόςφερε
986 2317 1043 2384 καὶ
1065 2319 1206 2404 δέχομαι.

364 2421 391 2486 εἰ
413 2415 474 2506 γὰρ
498 2413 686 2504 ἐπιψαύσεις
708 2428 776 2496 τοῖς
799 2422 942 2506 χειλεσιν,
969 2417 1076 2487 οὐκέτι
1097 2417 1206 2506 νήφειν

440 2519 575 2608 εύμαρές
598 2517 669 2587 ote&
693 2531 801 2608 φυγεῖν
822 2519 877 2613 ybs
901 2520 1015 2606 γλυκύν
1039 2525 1189 2609 οἰνοχοον

256 2689 257 2694 ,
364 2622 536 2712 πορὶνμεύει
559 2621 618 2711 γὰρ
643 2627 749 2711 ἔμοιγε
773 2623 862 2705 κύλιξ
885 2622 973 2712 παρὰ
997 2628 1050 2694 σού
1073 2621 1109 2693 τὸ
1134 2629 1258 2713 φίλημα

438 2731 496 2796 καί
519 2753 572 2816 μοι
596 2725 791 2812 ἀπαγγέλλει
813 2725 870 2816 τὴν
893 2725 992 2816 χάριν,
1017 2726 1053 2816 ἣν
1078 2733 1205 2811 ἔλαβεν·

232 2863 318 2940 adde
340 2863 500 2948 Meleagri
523 2865 723 2950 epigramma
745 2864 878 2932 ibidV
902 2871 973 2936 171.

148 2971 159 2977 ’
320 2967 411 3048 Quae
442 2969 468 3031 si
498 2990 540 3032 ex
567 2968 746 3032 imitatione
769 2968 1068 3033 Alexandrinorum
1091 2966 1211 3052 scripta
1234 2990 1304 3032 esse
1326 2979 1416 3034 recte

232 3071 416 3152 statuimus,
445 3093 486 3134 ne
518 3093 557 3133 ea
583 3071 716 3158 quidem
739 3093 852 3136 eorum
872 3072 1039 3157 ingenium
1063 3070 1145 3134 adeo
1167 3071 1274 3137 videri
1296 3071 1418 3157 spirare

231 3173 417 3258 negandum
447 3183 509 3256 est,
539 3183 575 3237 ut
597 3175 668 3239 veri
691 3173 889 3239 simillimum
911 3175 952 3238 sit
973 3174 1036 3238 illis
1061 3173 1190 3255 deberi,
1222 3197 1304 3260 quae
1328 3174 1418 3240 Paris

233 3276 356 3342 indicat
378 3301 409 3342 v.
432 3282 497 3347 255
519 3301 583 3364 sq.:

429 3398 549 3462 ‘oscula
571 3399 598 3462 si
619 3408 716 3463 natae
740 3399 888 3481 dederas,
913 3422 973 3484 ego
995 3399 1140 3485 protinus
1162 3398 1217 3462 illa

479 3501 673 3567 Hermiones
696 3512 809 3567 tenero
831 3503 936 3567 laetus
958 3503 1000 3566 ab
1024 3525 1079 3568 ore
1102 3502 1184 3586 tuli'3

232 3642 294 3684 nec
317 3629 426 3686 temen
449 3622 542 3686 huius
564 3624 765 3709 potissimum
787 3624 967 3687 sententiae
991 3623 1142 3710 exempla
1163 3625 1355 3690 invenimus.
1376 3665 1418 3674 -

318 3725 448 3788 Helena
462 3734 571 3788 autem
586 3727 620 3826 in
636 3726 773 3813 epistula
789 3725 888 3791 XVII
903 3724 986 3790 haec
1003 3725 1113 3792 dicere
1128 3728 1235 3813 pergit
1250 3752 1280 3792 ν.
1298 3733 1337 3796 81
1355 3749 1415 3814 sq.:

387 3850 426 3927 ία,
451 3847 597 3931 quotiens
620 3847 738 3932 digitis,
762 3847 910 3935 quotiens
934 3868 994 3931 ego
1017 3856 1105 3911 tecta
1126 3849 1237 3912 notavi

458 3948 550 4034 signa
572 3950 744 4036 supercilio
766 3971 870 4036 paene
893 3950 1047 4034 loquente
1071 3950 1160 4015 dari'.

193 4085 196 4093 ·
233 4067 437 4155 Quamquam
470 4070 557 4135 idem
591 4070 677 4157 apud
708 4071 880 4155 scriptores
910 4092 1045 4153 graecos
1074 4093 1160 4134 nunc
1192 4071 1323 4156 quidem
1352 4096 1417 4138 non

231 4171 350 4256 legitur
364 4211 407 4220 ——
421 4173 483 4236 nisi
504 4174 586 4238 forte
610 4173 674 4237 huc
691 4173 807 4238 afferre
823 4175 872 4238 vis
887 4173 1082 4238 simillimam
1096 4176 1289 4240 sententiam
1304 4198 1417 4240 versus

230 4273 351 4339 Maecii
379 4276 412 4339 in
434 4276 533 4340 Anth.
556 4276 624 4340 Pal.
647 4277 679 4340 V
703 4281 780 4358 130,
809 4282 842 4345 6:
875 4275 1038 4365 debulpoi
1067 4275 1210 4366 γλώσσης
1241 4277 1416 4360 ἀξιοπιστό-

232 4405 317 4468 τεροι
340 4379 394 4466 (cf.
417 4379 478 4444 Ον.
503 4389 561 4443 art.
581 4381 693 4449 1574:
718 4385 825 4466 ‘saepe
848 4389 959 4444 tacens
982 4403 1098 4446 vocem
1120 4380 1286 4468 verbaque
1309 4382 1417 4448 vultus
