3214 4854
680 317 892 382 ,ὅμη

194 484 347 548 Medeam
377 484 427 548 his
454 484 563 548 verbis
589 483 775 570 alloquitur:
806 490 873 550 ‘tun
897 485 951 548 dia
972 485 1111 568 Mede's,
1143 488 1233 552 cuius
1256 490 1376 554 aditum

194 598 370 675 expectans
392 589 521 673 pervixi
544 610 645 673 usque
668 588 809 653 adhuc?
833 589 924 676 (fgm.
948 589 1020 653 XII.
1045 590 1085 652 cf.
1101 590 1253 656 Ribbeck
1270 594 1377 678 ‘Trag

192 691 282 756 rom!
297 715 328 778 p.
345 692 540 779 531—533).
575 691 713 756 Medeae
737 693 823 756 enim
845 693 922 756 artis
936 693 1084 776 magicae
1100 695 1219 758 famam
1234 695 1377 780 Scythae

192 819 320 882 quoque
343 795 546 860 audiverant.
591 796 705 882 Neque
730 795 864 860 dubium
888 805 951 877 est,
975 797 1057 885 quin¹
1074 799 1187 882 'regem
1211 821 1289 884 erga
1311 799 1378 864 Me-

193 899 289 964 deam
310 900 450 986 primum
472 899 669 964 benevolum
690 900 788 964 fuisse
813 922 855 963 ex
876 899 939 962 illis
962 898 1071 963 verbis
1094 911 1257 986 appareat.

279 1028 401 1092 Verum
425 1030 590 1093 enimvero
613 1029 710 1109 idem,
734 1009 791 1092 ubi
805 1029 945 1092 Aeetam
967 1028 1009 1092 ab
1030 1051 1069 1092 ea
1084 1029 1259 1117 deceptum
1276 1044 1308 1098 et
1324 1035 1377 1099 de-

191 1142 312 1196 sertum
334 1132 577 1218 Apsyrtumque
600 1154 737 1217 puerum
759 1132 793 1194 vi
816 1132 993 1196 abductum
1017 1155 1086 1197 esse
1110 1138 1282 1220 cordperit,
1313 1160 1376 1224 qua

191 1237 312 1299 iustitia
336 1258 408 1300 eum
430 1259 500 1300 θεεθ
514 1245 612 1322 poeta
626 1235 729 1319 fingit,
754 1236 851 1299 animi
868 1237 1027 1299 sententia
1042 1245 1165 1300 mutata
1180 1241 1271 1324 quasi
1285 1241 1375 1306 litem

192 1341 222 1402 ei
244 1340 383 1404 intendit
406 1340 495 1426 (fgm.
514 1339 600 1404 XIV.
625 1338 714 1402 XIII.
738 1338 891 1404 Ribbeck
910 1362 941 1424 p.
957 1344 1046 1425 534),
1070 1341 1210 1426 denique
1234 1366 1305 1408 eam
1328 1368 1376 1408 re-

185 1443 286 1506 tineri
313 1443 414 1507 iubet.
460 1442 532 1521 Quo
562 1443 613 1524 fit,
643 1452 679 1505 ut
693 1443 855 1506 ·fortunae
878 1464 1013 1527 magnus
1036 1442 1141 1527 favor,
1172 1468 1234 1531 quo
1257 1447 1376 1512 Medea

190 1545 298 1610 adhuc
327 1569 402 1628 usa,
432 1569 529 1632 quem
557 1546 669 1631 utique
695 1545 879 1630 periclitata
906 1555 969 1628 est,
1001 1568 1071 1610 sese
1093 1547 1250 1613 inclinare
1272 1552 1375 1636 primo

191 1648 308 1714 obtutu
340 1650 500 1714 videatur.
551 1649 680 1713 Etenim
714 1649 826 1730 Iason,
861 1671 934 1712 cum
964 1647 1095 1734 Scythis
1128 1673 1225 1715 manu
1254 1654 1374 1738 exigua

190 1763 302 1837 aperte
318 1755 468 1818 resistere
485 1775 629 1817 summae
645 1752 685 1817 sit
701 1752 868 1833 audaciae,
884 1752 1098 1817 vehementer
1113 1753 1249 1837 dubitat,
1266 1766 1373 1822 utrum

188 1855 341 1921 Medeam
363 1857 397 1920 vi
412 1879 573 1922 armorum
588 1855 759 1920 liberatam
775 1877 885 1918 secum
902 1855 1009 1939 ducat,
1033 1878 1129 1920 anea
1145 1855 1274 1922 deserta
1289 1861 1373 1926 solus

188 1960 221 2022 in
242 1962 380 2046 patriam
402 1970 600 2024 revertatur:
624 1959 687 2024 hoc
710 1968 746 2022 ut
768 1958 875 2039 faciat,
898 1959 1069 2044 prudentia
1093 1961 1123 2023 ei
1146 1961 1269 2043 suadet,
1293 1963 1373 2028 illud

189 2058 278 2127 amor
289 2063 493 2148 Medeaeque
509 2064 695 2127 meritorum
711 2062 875 2126 memoria.
903 2061 975 2141 Quo
992 2063 1120 2144 accidit,
1136 2065 1220 2128 utin
1236 2066 1373 2132 eandem

188 2167 286 2230 animi
310 2167 539 2233 dissensionem
556 2163 815 2250 discordiamque
832 2163 1013 2228 adducatur
1028 2187 1089 2229 neo
1105 2167 1209 2231 minus
1226 2176 1373 2256 τραγικοί
1411 2171 1414 2176 ’

188 2271 256 2334 eius
267 2294 372 2336 mores
385 2270 590 2354 affingantur,
607 2291 703 2354 quarn
714 2269 748 2331 in
756 2267 888 2332 'fabulae
901 2279 1101 2352 argumento,
1115 2269 1210 2355 quale
1222 2271 1373 2337 Ribbeck

188 2375 380 2438 instauravit
402 2375 447 2460 (p.
464 2378 550 2451 536).
588 2373 605 2435 I
620 2394 736 2458 amque
751 2371 900 2452 Medeae,
925 2394 998 2435 cum
1018 2372 1139 2436 lasonis
1156 2373 1373 2442 dubitationes

189 2477 442 2560 animadvertat,
474 2477 615 2541 furorem
645 2499 683 2540 ac
713 2474 881 2540 libidinem
912 2475 1049 2539 excitari
1069 2485 1175 2561 patet:
1206 2500 1280 2542 nam
1302 2492 1374 2565 post

187 2581 319 2665 longum
342 2602 522 2644 sermonem
547 2603 620 2643 oum
642 2579 696 2644 illo
720 2578 865 2643 habitum
881 2577 983 2640 —ad
1005 2600 1100 2662 quem
1123 2580 1295 2645 referenda
1316 2606 1372 2668 pu-

189 2694 293 2748 tamus
315 2684 418 2748 verba
435 2693 467 2747 et
481 2683 621 2746 Medeae
637 2683 714 2767 fgm.¹
731 2682 777 2745 XI
793 2691 825 2744 et
840 2683 902 2744 inc.
920 2682 983 2744 inc.
1000 2682 1064 2746 fab
1081 2683 1187 2746 XCIV
1202 2695 1235 2748 et
1249 2686 1372 2751 Iasonis

188 2787 265 2871 fgm.
289 2786 337 2850 IX
359 2827 401 2834 -
424 2786 587 2850 exclamat
609 2784 727 2850 verba:
757 2784 844 2848 ‘exul
866 2785 951 2848 inter
973 2783 1086 2866 hostis,
1115 2807 1231 2872 exspes
1254 2811 1371 2874 expers

188 2890 335 2955 desertus
358 2890 469 2974 vagus'
492 2890 583 2977 (fgm.
607 2889 659 2976 X),
684 2888 800 2975 quibus
822 2888 987 2968 lasone'm,
1011 2888 1037 2952 si
1060 2910 1131 2953 eam
1155 2889 1293 2973 deserat,
1318 2892 1371 2956 de-

186 2995 300 3058 voveri
322 2993 474 3058 Ribbeck
497 2995 616 3078 optime
639 2991 787 3056 coniecit.

272 3122 337 3187 Sed
361 3122 528 3208 scrupulus
552 3144 595 3184 ex
617 3121 739 3185 Iasonis
764 3121 870 3184 animo
892 3120 1035 3185 nondum
1058 3121 1188 3190 evulsus
1211 3133 1273 3204 est,
1298 3147 1370 3188 cum

186 3234 321 3310 repente
349 3249 433 3290 unus
462 3225 503 3289 de
534 3224 627 3288 sociis
658 3223 792 3287 classem
819 3224 918 3308 ipsius
940 3225 1066 3288 Aeetae
1092 3225 1206 3308 procul
1229 3228 1371 3312 conspici

186 3329 322 3392 nuntiat.
356 3329 407 3392 Ita
429 3328 493 3414 qui,
517 3327 675 3412 quomodo
699 3351 716 3391 θ
739 3327 846 3413 priore
867 3325 924 3390 illa
947 3325 1129 3391 calamitate
1153 3339 1368 3413 servarentur,

186 3452 227 3494 ne
251 3441 402 3517 reputare
426 3429 556 3517 quidem
579 3439 736 3515 poterant,
760 3430 866 3494 statim
889 3430 923 3494 in
946 3429 1079 3493 alteram
1103 3452 1141 3493 ac
1164 3431 1307 3516 peiorem
1322 3433 1369 3496 in-

187 3533 299 3598 cidunt
321 3535 492 3615 fortunam,
516 3534 569 3597 cui
592 3531 723 3620 quidem
740 3532 894 3598 cedentes
910 3531 951 3596 ad
967 3536 1091 3597 certum
1108 3535 1242 3598 exitium
1258 3536 1368 3598 vocari

186 3637 347 3701 videntur.
392 3634 535 3722 Tempus
556 3637 654 3721 igitur
677 3646 725 3700 est
747 3635 882 3720 agendi,
906 3658 970 3700 non
993 3635 1174 3700 haesitandi
1197 3648 1252 3701 aut
1275 3637 1370 3702 collo-

187 3738 322 3826 quendi:
353 3739 484 3826 Scythis
512 3741 621 3804 insciis
642 3739 762 3803 Medea
784 3739 960 3824 Apsyrtum
990 3740 1122 3804 fratrem
1151 3742 1249 3827 impia
1272 3764 1369 3805 manu

186 3842 306 3907 occidit
336 3844 468 3928 eiusque
497 3843 650 3907 membris
679 3865 873 3929 peregrum
899 3841 1058 3927 dissipatis
1081 3865 1176 3928 quam
1200 3845 1368 3908 celerrime

186 3969 260 4010 oum
291 3955 435 4010 amatore
465 3947 644 4032 ceterisque
668 3946 863 4030 Argonautis
892 3954 925 4008 et
947 3954 1066 4009 terram
1088 3945 1313 4032 inhospitalem
1338 3958 1370 4011 θῖ

183 4050 301 4135 patris,
326 4051 416 4113 cuius
438 4050 501 4114 iter
522 4049 612 4113 luctu
633 4049 795 4130 tardatur,
819 4048 974 4113 ultionem
997 4048 1119 4133 effugit.
1164 4049 1276 4115 Paullo
1298 4061 1369 4136 post

184 4174 281 4238 quam
304 4151 338 4214 id
362 4155 485 4234 evenit,
509 4153 643 4234 Αθθῖθε,
668 4155 720 4217 cui
743 4175 808 4216 nou
830 4151 925 4216 modo
950 4152 1115 4216 consilium
1139 4161 1209 4216 erat
1230 4153 1368 4217 Medeae

183 4254 383 4340 puniendae,
414 4279 528 4320 verum
560 4257 657 4320 etiam
688 4277 811 4320 summa
840 4253 930 4318 filioli
958 4255 1025 4318 cari
1049 4237 1139 4337 cura,
1169 4255 1211 4318 ad
1233 4256 1368 4319 insulam

184 4360 275 4422 venit
290 4397 333 4406 κ
349 4360 405 4422 sed
429 4382 515 4423 sero:
539 4359 666 4444 pueruli
687 4357 767 4422 nihil
789 4358 851 4421 nisi
874 4367 1007 4421 cruenta
1023 4360 1145 4444 reperit
1159 4380 1239 4422 ossa.
1278 4358 1369 4437 Quae
1405 4393 1409 4400 ¹

1179 4463 1215 4514 4*
