3242 4860
724 295 1000 404 —110—-V

252 480 284 533 et
297 468 348 531 HI
365 474 414 553 11,
430 469 497 552 24).
535 468 618 532 Nam
641 469 828 555 crepundia,
851 469 970 556 quippe
994 490 1076 554 quae
1091 469 1178 532 Nero
1201 469 1322 555 primus
1345 478 1434 532 certe

251 593 314 634 non
325 572 537 657 proposuerit,
549 571 606 635 illa
618 573 710 656 signa
720 572 818 636 fuisse
829 572 1032 660 paratissima
1044 582 1093 636 est
1104 571 1243 656 suspicio
1254 571 1435 656 eademque

251 673 293 737 ad
319 675 471 740 Paridem
505 675 767 760 cognoscendum
799 674 937 740 multum
969 675 1108 740 valuisse
1140 676 1238 740 etiam
1264 675 1298 740 in
1325 675 1437 740 fabula

250 777 428 864 Euripidea
436 779 477 865 ¹),
507 779 541 843 in
562 801 626 865 qua
647 779 765 844 festum
788 801 916 867 quoque
938 778 1029 844 illum
1052 777 1140 842 diem
1161 778 1279 843 Paride
1301 789 1435 866 recepto
1535 819 1540 826 ·

251 882 293 945 ad
314 881 412 946 festos
428 881 640 946 Troianorum
664 881 732 946 dies
756 883 903 946 additum
925 891 1034 946 actum
1056 882 1154 946 fuisse
1171 880 1330 946 Welcker
1344 891 1435 946 recte

251 987 350 1050 sensit
372 986 406 1072 (l.
430 985 450 1049 l.
472 1009 504 1071 p.
528 987 616 1072 476).
660 985 730 1051 Nec
760 994 869 1051 tamen
896 996 1053 1073 quantum
1075 985 1170 1050 huius
1192 984 1322 1049 fabulae
1345 985 1437 1048 Euri-

250 1088 342 1175 pides
370 1089 425 1153 vel
451 1099 527 1154 ante
551 1111 624 1153 eum
647 1087 824 1175 Sophocles
847 1111 865 1153 e
888 1087 1008 1174 Cyprio
1032 1089 1173 1153 carmine
1196 1097 1360 1153 mutuatus
1384 1090 1436 1171 sit,

251 1203 406 1279 quantum
442 1194 510 1279 ipse
548 1192 725 1276 invenerit,
764 1193 805 1257 ob
843 1191 1051 1277 reliquiarum
1085 1193 1264 1256 exilitatem
1298 1192 1438 1256 iudicari

251 1306 366 1382 potest.
389 1336 430 1344 -

336 1400 436 1463 Brevi
459 1409 534 1463 ante
557 1400 619 1464 iter
641 1399 891 1485 ingrediendum
905 1399 1058 1463 Paridem
1080 1421 1099 1462 a
1120 1397 1252 1464 consilio
1266 1421 1437 1464 removere

251 1503 364 1566 volunt
394 1513 427 1567 et
444 1517 595 1588 parentes
625 1513 658 1567 et
681 1500 867 1568 Cassandra
889 1525 978 1567 soror
1001 1501 1063 1567 Ov.
1087 1525 1138 1589 ep.
1163 1502 1242 1567 XVI
1265 1508 1327 1572 119
1350 1525 1435 1589 sqq.:

381 1662 425 1721 ‘et
446 1667 539 1743 pater
561 1670 594 1722 et
617 1659 758 1742 genitrix
781 1657 930 1722 inhibent
952 1682 1025 1723 mea
1047 1668 1123 1724 vota
1145 1658 1291 1742 rogando

457 1761 719 1847 propositumque
741 1762 815 1826 viae
838 1785 919 1826 voce
943 1772 1108 1827 morantur
1130 1762 1207 1845 iter;
1275 1769 1279 1776 “

382 1873 415 1927 et
437 1885 526 1929 soror
549 1865 656 1930 effiusis
678 1875 715 1931 ut
735 1876 805 1930 erat
828 1865 1010 1930 Cassandra
1032 1865 1166 1952 capillis,

457 1991 532 2033 cum
554 1968 677 2033 vellent
698 1978 826 2034 nostrae
848 1970 914 2033 iam
937 1969 1015 2033 dare
1037 1969 1112 2034 vela
1135 1979 1236 2034 rates:

381 2092 443 2156 quo
465 2071 555 2136 ruis?
579 2071 751 2154 exclamat,
774 2072 896 2138 referes
917 2072 1070 2137 incendia
1092 2082 1214 2156 tecum3

457 2185 577 2260 quanta
598 2198 657 2261 per
679 2175 738 2239 has
760 2177 866 2240 nescis
887 2176 1019 2240 flamma
1039 2183 1170 2260 petatur
1191 2175 1309 2262 aquas'.

252 2331 324 2393 Hac
347 2331 380 2394 in
402 2351 438 2392 re
455 2327 610 2393 Ovidium
625 2329 788 2416 Euripidis
811 2330 956 2415 vestigiis
977 2331 1130 2396 institisse
1145 2330 1323 2400 rationibus
1339 2330 1438 2394 certis

251 2435 364 2518 negari
396 2441 512 2518 potest.
563 2432 596 2496 Is
629 2434 714 2497 enim
743 2456 806 2497 non
836 2435 904 2498 sine
935 2457 1033 2498 causa
1063 2445 1096 2499 et
1126 2443 1194 2498 arte
1224 2457 1299 2498 eum
1328 2455 1439 2498 rerum

252 2537 398 2601 ordinem
428 2545 600 2618 statuerat,
631 2546 667 2600 ut
693 2535 907 2602 Cassandram
936 2536 1126 2602 brevissimo
1156 2548 1323 2624 postquam
1346 2537 1439 2601 Paris

251 2641 379 2726 agnitus
403 2649 436 2703 et
457 2651 609 2726 receptus
632 2650 694 2721 est,
717 2641 950 2704 vaticinantem
971 2639 1143 2705 induceret
1153 2642 1189 2728 ⁹).
1234 2639 1436 2704 Primitivam

252 2753 365 2808 contra
390 2743 520 2808 fabulae
544 2743 695 2825 formam,
725 2766 823 2829 quam
846 2745 944 2808 etiam
967 2743 1008 2808 ab
1033 2744 1151 2808 Ouidio
1174 2743 1335 2830 proditam
1356 2741 1437 2826 legi-

251 2869 337 2929 mus,
369 2846 562 2933 Cypriorum
590 2857 720 2932 poetam
750 2847 936 2911 exhibuisse
965 2847 1112 2912 eProcli
1139 2847 1291 2910 discimus
1313 2846 1437 2911 verbis:

253 2955 363 3018 ἔπειτα
382 2949 575 3040 Ἀφροδίτης
597 2947 798 3040 ὑπσῖνεμένης
817 2964 1038 3040 scaunistrat·
1062 2952 1119 3020 καὶ
1132 2950 1273 3039 Ἕληνσς
1288 2950 1357 3035 περὶ
1372 2953 1437 3017 τῶν

253 3052 427 3142 μελλόντων
452 3052 795 3142 circummunire.
824 3055 880 3122 καὶ
901 3051 921 3142 ἡ
941 3053 1114 3144 Ἀφροδίτη
1140 3057 1262 3124 Αἰνείαν
1287 3061 1438 3142 συμπλεῖν

253 3155 338 3247 αὐτῷ
376 3156 507 3226 κελεύει.
547 3158 603 3225 καὶ
636 3155 831 3245 Κασσάνδρα
867 3157 937 3244 περὶ
973 3161 1035 3225 τῶν
1070 3156 1244 3244 μελλόντων
1277 3162 1437 3246 προδηλοῖ.

252 3257 344 3337 Quae
376 3258 536 3324 Welcker
568 3261 688 3346 optime
722 3261 767 3324 ita
800 3260 1032 3345 interpretatus
1061 3271 1124 3343 est,
1157 3271 1194 3323 ut
1223 3259 1438 3325 Cassandram

252 3361 368 3425 'l‘roiae
400 3363 564 3426 excidium
592 3363 837 3448 praedicentem
867 3362 921 3450 (of.
951 3361 1012 3427 Ov.
1043 3363 1063 3427 l.
1087 3363 1107 3428 l.
1133 3369 1193 3432 123
1217 3363 1277 3450 sq.)
1306 3371 1438 3448 poetam

251 3464 384 3530 finxisse
407 3467 613 3550 intelligeret.
623 3466 649 3554 8)
682 3467 861 3550 Imaginem
877 3489 955 3530 vero
972 3466 1183 3549 Cassandrae,
1206 3465 1334 3552 qualem
1350 3465 1438 3528 Naso

252 3582 327 3633 ante
350 3569 459 3633 oculos
481 3571 580 3656 ponit,
604 3573 713 3634 nescio
737 3593 777 3633 an
800 3569 946 3634 similiter
969 3571 1066 3633 etiam
1087 3580 1201 3634 auctor
1216 3571 1284 3634 eius
1300 3588 1438 3654 graecus

337 3811 357 3879 ¹)
378 3812 417 3866 Cf.
437 3813 562 3867 Welcker
581 3812 677 3880 ‘Trag’
700 3831 726 3882 p.
744 3814 796 3867 473
820 3821 847 3866 ot
866 3813 1000 3878 Ribbeck,
1026 3812 1123 3880 ‘Trag.'
1142 3829 1167 3880 p.
1187 3813 1228 3865 89.
1266 3811 1362 3876 Aliter,
1389 3811 1438 3864 sed

251 3899 337 3952 minus
354 3906 426 3952 recte
443 3899 562 3954 iudicant
575 3898 668 3954 Petcrs
687 3899 704 3952 l.
724 3900 741 3952 l.
759 3916 785 3968 p.
799 3901 840 3953 68.
860 3902 901 3954 72.
921 3906 948 3953 et
962 3899 1084 3954 Wentzel
1100 3915 1125 3966 p.
1138 3900 1179 3952 33.
1193 3927 1227 3936 -
1239 3895 1306 3951 Rem
1318 3897 1438 3950 turbavit
1539 3927 1545 3937 ·

251 3985 414 4038 Dracontius
433 3985 511 4054 Rapt.
532 3984 590 4039 Hel.
608 3987 643 4040 68
661 4002 731 4053 sqq.;
750 3986 783 4038 cf.
803 3986 926 4039 Ribbeck
942 3985 959 4038 1.
979 3987 996 4039 l.
1016 4002 1041 4053 p.
1060 3987 1102 4038 91.

337 4087 358 4155 2)
379 4087 417 4142 Cf.
436 4089 562 4143 Welcker
579 4089 595 4141 l.
613 4088 630 4141 l.
649 4106 675 4157 p.
693 4088 752 4142 465.
770 4089 822 4142 474
840 4105 877 4157 sq.
897 4094 924 4142 et
942 4088 1065 4142 Ribbeck
1083 4088 1098 4140 l.
1117 4088 1135 4141 l.
1153 4104 1179 4156 p.
1198 4087 1232 4141 89
1250 4103 1287 4155 sq.

336 4190 359 4257 ³)
377 4191 538 4246 ‘Kassandra
550 4193 706 4260 prophezeit
718 4193 783 4246 iiber
796 4194 843 4245 das
855 4190 1080 4256 Revorstehende,
1093 4191 1257 4256 vermutlich‚
1270 4189 1306 4243 da
1317 4187 1437 4243 Helenos

252 4278 304 4332 den
331 4278 515 4332 Abreisenden
542 4279 689 4346 wahrsagt,
721 4278 773 4332 den
799 4279 910 4336 Troern¹
929 4279 980 4334 den
1006 4277 1211 4344 Untergang
1238 4277 1298 4332 der
1322 4274 1432 4330 Stadt’

253 4363 338 4433 (cycl.
359 4364 408 4432 ep!
428 4364 466 4418 ΙΙ2
483 4382 509 4433 p.
529 4364 581 4433 91).
