3242 4860
668 331 883 399 ...95m

181 509 314 590 propter
337 525 385 585 ea,
409 525 492 588 quae
507 499 676 568 Menelaus
698 503 793 566 uxori
817 503 858 567 de
879 501 1005 587 hospite
1021 499 1223 567 mandavisse
1241 501 1367 585 dicitur,

185 606 238 670 hic
259 617 388 670 secutus
404 607 444 671 sit
461 629 501 670 an
517 607 689 671 auctoritat
692 629 742 670 em
759 605 953 690 exemplaris
972 605 1217 687 alexandrinis
1209 619 1314 671 meert
1315 630 1369 670 um

186 719 249 792 est,
274 731 348 774 cum
369 711 403 773 in
425 709 488 775 hoc
513 710 697 774 numidam
721 709 853 774 mandat
840 717 907 772 tum
932 707 1058 772 disertus
1079 709 1188 772 verbis
1209 710 1370 832 prolatum

185 813 234 895 sit,
258 812 329 876 erui
349 823 501 900 nequeat.
579 817 580 820 ’

268 915 417 980 Menelao
441 927 497 980 aut
499 939 550 981 em
572 917 717 1002 profecto
733 917 833 980 Parta
856 914 1010 979 audacior
1029 914 1098 978 fact
1085 923 1135 979 tus
1154 916 1314 998 Helenam,
1336 931 1372 981 at

185 1019 315 1082 Trot‘mn
332 1044 441 1083 ..secam
464 1021 564 1101 obeat,
591 1019 739 1084 omnibus
761 1019 863 1083 modis
885 1042 1074 1083 commovere
1095 1018 1169 1082 vult.
1216 1018 1312 1099 Quod
1333 1032 1370 1086 ut

186 1133 374 1207 exponeret,
396 1123 483 1188 Naso
507 1146 581 1187 eum
600 1123 770 1209 epistulam
786 1122 983 1186 scribentem
999 1121 1087 1202 fecit,
1111 1119 1291 1205 Colluthus‚
1315 1125 1369 1209 qui

185 1247 317 1290 carmen
347 1227 474 1311 epicum
504 1227 697 1312 composuit,
726 1224 817 1290 illum
847 1225 1071 1310 Helenamque
1101 1225 1186 1288 inter
1212 1248 1246 1288 se
1275 1226 1369 1291 eollo-

185 1339 321 1413 quentes
342 1328 498 1393 inducere
522 1341 654 1394 coactus
678 1340 735 1394 est.
769 1328 836 1394 Sed
859 1350 1054 1414 quamquam
1077 1326 1247 1392 Colluthus
1269 1339 1369 1394 totam

183 1431 268 1495 hanc
290 1454 360 1496 rem
382 1433 464 1497 iusto
486 1433 692 1519 paucioribus
715 1431 869 1515 absolvit,
893 1431 1066 1496 nonnullae
1089 1439 1199 1495 tamen
1222 1433 1282 1496 etsi
1303 1456 1368 1497 non

184 1557 313 1620 semper
334 1536 525 1619 verborum,
549 1547 583 1601 at
606 1545 695 1600 certe
718 1537 950 1600 sententiarum
974 1533 1199 1599 similitudines
1221 1535 1306 1599 inter
1329 1559 1368 1600 ea

183 1639 401 1722 inveniuntur,
426 1662 508 1725 quae
532 1639 618 1726 apud
642 1663 717 1704 eum
737 1639 827 1704 Paris
851 1662 923 1704 cum
944 1634 1073 1702 Helena
1097 1639 1313 1702 communicat
1335 1650 1368 1702 et
1467 1661 1471 1665 ·

185 1764 268 1826 quae
291 1743 377 1828 apud
398 1753 526 1829 poetam
550 1766 726 1809 romanum.
772 1741 992 1822 Conferamus,
1016 1743 1042 1804 si
1063 1741 1181 1826 placet,
1205 1742 1304 1807 haee:

270 1844 361 1909 Paris
389 1846 510 1910 Priami
537 1846 638 1910 filium
668 1869 739 1910 sese
770 1869 840 1910 esse
867 1845 1038 1932 profitetur
1067 1844 1153 1929 apud
1182 1844 1367 1911 Colluthum

185 1971 217 2012 v.
240 1953 303 2017 285
326 1970 410 2034 sqq:

340 2089 414 2174 εἰμι’,
439 2084 539 2174 γύναι,
564 2085 721 2175 Πριάμοιο
745 2085 936 2175 πολυχρύσου
961 2089 1054 2175 φίλος
1076 2085 1151 2170 υἱός,

340 2190 404 2274 εἰμί
426 2190 460 2256 δὲ
484 2193 694 2279 Δαρδανίδης·
720 2185 734 2257 ὃ
759 2191 793 2257 δὲ
816 2189 1017 2279 Δάρδανος’
1002 2218 1039 2258 εκ
1063 2189 1169 2270 Διδς’
1156 2211 1224 2281 ηεν

342 2293 364 2382 ᾡ
388 2293 444 2360 καὶ
467 2289 520 2359 ἀπ’
544 2291 722 2380 Οὐλύμποιο
745 2294 813 2362 0,νε
789 2320 817 2360 οι
840 2291 984 2382 ξονηονες
1007 2291 1122 2382 ἀνδρῶν

340 2361 477 2463 πολλάκι
498 2394 670 2485 δητευονσι
693 2398 749 2466 καὶ
773 2395 932 2467 ababuc
883 2423 932 2464 οι
955 2423 1011 2484 περ
1037 2395 1149 2477 ἐόντες.

339 2489 378 2565 ὧν
402 2496 444 2566 τὰ
469 2502 524 2586 μὲν
547 2497 706 2591 ἡμετέρης
730 2499 900 2590 δωμήσατο
924 2504 1033 2587 τείχεα
1056 2498 1189 2602 πάτρης,

339 2604 449 2689 τείχεα
472 2608 702 2692 μαρμαίροντα,
726 2601 909 2671 Ποσειδάων
933 2604 989 2670 καὶ
1015 2595 1177 2671 Απόλλων

341 2703 442 2794 αὐτὰρ
467 2710 537 2793 ἐγώ,
563 2710 717 2791 βασιλεια,
743 2703 935 2784 δικασπόλος
959 2707 1022 2795 εἰμί
1044 2704 1161 2775 δισίων.

186 2876 283 2962 Apud
306 2876 462 2941 Ovidium
491 2878 668 2943 secundum
700 2877 855 2963 epistulae
882 2878 1039 2942 rationem
1058 2841 1164 2962 ¹genus
1186 2900 1277 2942 suum
1300 2880 1368 2965 ipso

186 2981 220 3043 in
248 2980 382 3045 exordio
412 2982 531 3065 tangit,
563 3003 625 3067 quo
654 2980 802 3046 Helenae
833 2980 970 3045 salutem
1001 2981 1056 3044 dat
1079 2981 1124 3068 (ν.
1150 2981 1193 3067 1).
1237 2981 1368 3046 Deinde

186 3085 344 3148 maiorum
367 3082 501 3167 gloriam
524 3084 674 3149 laudibus
698 3084 791 3148 effert
805 3107 867 3148 nec
883 3108 948 3152 non
963 3084 1083 3148 divitiis
1099 3083 1254 3168 gloriatur
1268 3087 1368 3171 patris

186 3187 375 3272 patriaeque
399 3185 539 3251 Colluth.
562 3213 594 3252 v.
618 3194 681 3258 282
704 3211 787 3274 sqq:

394 3345 423 3410 εἴ
443 3342 514 3411 τινά
536 3371 595 3413 που
618 3342 787 3428 πολύολβον
811 3344 854 3410 ἐνὶ
877 3347 975 3432 Τροίῃ
1000 3346 1137 3430 βασιλῆα

393 3449 503 3526 ἔκλυες
527 3445 672 3526 εὐώδινος
695 3445 756 3515 ἀπὸ
779 3450 935 3534 Κρονίδαο
958 3451 1122 3534 γενέλλης,

393 3553 481 3618 ἔνδον
505 3548 674 3638 ἀριστεύων
699 3548 836 3638 ἐμφύλιοι
859 3547 966 3618 πάντα
989 3549 1103 3632 διώκω,

189 3727 221 3782 et
244 3719 329 3806 apud
353 3720 509 3785 Ovidium
531 3746 562 3786 v.
588 3727 650 3792 175
672 3744 756 3810 sqq:

342 3857 475 3942 ‘Pliada
499 3861 526 3924 si
548 3882 695 3945 quaeres,
718 3861 752 3936 in
775 3869 882 3925 nostra
905 3870 1003 3944 gente
1026 3860 1202 3945 Iovemque

392 3963 549 4044 invenies,
573 3963 696 4027 medios
719 3973 755 4027 ut
777 3972 943 4027 taceamus
967 3987 1056 4047 avos3

341 4077 470 4151 sceptra
491 4089 608 4153 parens
630 4067 739 4149 Asiae,
764 4090 827 4153 qua
848 4067 937 4132 nulla
960 4067 1045 4132 beat'
1023 4077 1085 4131 tror
1107 4088 1163 4130 ora
1187 4076 1243 4148 est,

391 4208 435 4216 —
449 4169 597 4248 linibus'
589 4170 753 4234 immensis
775 4171 832 4234 vix
856 4171 1064 4236 obeunda-
1079 4179 1178 4233 tenet.

343 4271 526 4336 innumeras
549 4273 701 4338 urbest
668 4285 765 4361 atque
790 4297 887 4338 aurea
909 4283 977 4338 tect
979 4297 998 4336 a
1019 4275 1155 4356 ridebis,

394 4396 541 4461 quaeque
565 4401 636 4444 suos
659 4379 749 4443 dicas
771 4379 892 4464 templa
915 4378 1034 4442 decere
1058 4377 1154 4443 deos’.
