<?xml version="1.0" encoding="UTF-8"?>
<!DOCTYPE html PUBLIC "-//W3C//DTD XHTML 1.0 Transitional//EN"
    "http://www.w3.org/TR/xhtml1/DTD/xhtml1-transitional.dtd">
<html xmlns="http://www.w3.org/1999/xhtml" xml:lang="en" lang="en">
 <head>
  <title>
</title>
<meta http-equiv="Content-Type" content="text/html;charset=utf-8" />
  <meta name='ocr-system' content='tesseract 3.04.00' />
  <meta name='ocr-capabilities' content='ocr_page ocr_carea ocr_par ocr_line ocrx_word'/>
</head>
<body>
  <div class='ocr_page' id='page_1' title='image "./analectaovidian00zlgoog_0080.png"; bbox 0 0 3242 4860; ppageno 0'>
   <div class='ocr_carea' id='block_1_1' title="bbox 702 345 997 408">
    <p class='ocr_par' dir='ltr' id='par_1_1' title="bbox 702 345 997 408">
     <span class='ocr_line' id='line_1_1' title="bbox 702 345 997 408; baseline 0.003 -1"><span class='ocrx_word' id='word_1_1' title='bbox 702 345 997 408; x_wconf 61' lang='grc' dir='ltr'><strong>μ»τι--1</strong></span> 
     </span>
    </p>
   </div>
   <div class='ocr_carea' id='block_1_2' title="bbox 331 495 1400 1325">
    <p class='ocr_par' dir='ltr' id='par_1_2' title="bbox 331 495 1196 599">
     <span class='ocr_line' id='line_1_2' title="bbox 331 495 1196 599; baseline -0.001 -21"><span class='ocrx_word' id='word_1_2' title='bbox 331 495 332 500; x_wconf 19' lang='lat'>¹</span> <span class='ocrx_word' id='word_1_3' title='bbox 372 513 473 578; x_wconf 90' lang='lat' dir='ltr'><strong>ardua</strong></span> <span class='ocrx_word' id='word_1_4' title='bbox 494 515 638 599; x_wconf 83' lang='lat' dir='ltr'><strong>proceris</strong></span> <span class='ocrx_word' id='word_1_5' title='bbox 661 499 837 599; x_wconf 84' lang='lat' dir='ltr'><strong>spoliantur</strong></span> <span class='ocrx_word' id='word_1_6' title='bbox 859 512 1008 597; x_wconf 80' lang='lat' dir='ltr'>Gargara</span> <span class='ocrx_word' id='word_1_7' title='bbox 1029 512 1132 594; x_wconf 82' lang='lat' dir='ltr'><strong>silvis,&#39;</strong></span> <span class='ocrx_word' id='word_1_8' title='bbox 1194 572 1196 577; x_wconf 83' lang='lat'><em>.</em></span> 
     </span>
    </p>

    <p class='ocr_par' dir='ltr' id='par_1_3' title="bbox 422 615 1400 704">
     <span class='ocr_line' id='line_1_3' title="bbox 422 615 1400 704; baseline -0.004 -24"><span class='ocrx_word' id='word_1_9' title='bbox 422 619 670 704; x_wconf 87' lang='lat' dir='ltr'><strong>innumerasque</strong></span> <span class='ocrx_word' id='word_1_10' title='bbox 694 616 772 680; x_wconf 92' lang='lat' dir='ltr'><strong>mihi</strong></span> <span class='ocrx_word' id='word_1_11' title='bbox 795 617 893 701; x_wconf 85' lang='lat' dir='ltr'><strong>longa</strong></span> <span class='ocrx_word' id='word_1_12' title='bbox 915 617 970 681; x_wconf 89' lang='lat' dir='ltr'><strong>dat</strong></span> <span class='ocrx_word' id='word_1_13' title='bbox 992 615 1052 697; x_wconf 68' lang='lat' dir='ltr'><strong>ida</strong></span> <span class='ocrx_word' id='word_1_14' title='bbox 1075 617 1193 681; x_wconf 87' lang='lat' dir='ltr'><strong>trabes.</strong></span> <span class='ocrx_word' id='word_1_15' title='bbox 1391 645 1400 676; x_wconf 76' lang='grc' dir='ltr'><strong>ι</strong></span> 
     </span>
    </p>

    <p class='ocr_par' dir='ltr' id='par_1_4' title="bbox 370 719 1114 909">
     <span class='ocr_line' id='line_1_4' title="bbox 370 719 1114 803; baseline -0.004 -16"><span class='ocrx_word' id='word_1_16' title='bbox 370 721 545 787; x_wconf 83' lang='lat' dir='ltr'><strong>fundatura</strong></span> <span class='ocrx_word' id='word_1_17' title='bbox 567 722 647 785; x_wconf 88' lang='lat' dir='ltr'><strong>citas</strong></span> <span class='ocrx_word' id='word_1_18' title='bbox 669 720 843 785; x_wconf 88' lang='lat' dir='ltr'><strong>flectuntur</strong></span> <span class='ocrx_word' id='word_1_19' title='bbox 865 719 982 786; x_wconf 89' lang='lat' dir='ltr'><strong>robora</strong></span> <span class='ocrx_word' id='word_1_20' title='bbox 1003 743 1114 803; x_wconf 83' lang='lat' dir='ltr'><strong>naves,</strong></span> 
     </span>
     <span class='ocr_line' id='line_1_5' title="bbox 421 824 1077 909; baseline 0 -21"><span class='ocrx_word' id='word_1_21' title='bbox 421 825 545 890; x_wconf 85' lang='lat' dir='ltr'><strong>texitur</strong></span> <span class='ocrx_word' id='word_1_22' title='bbox 568 834 600 888; x_wconf 90' lang='lat' dir='ltr'><strong>et</strong></span> <span class='ocrx_word' id='word_1_23' title='bbox 623 824 718 888; x_wconf 87' lang='lat' dir='ltr'><strong>costis</strong></span> <span class='ocrx_word' id='word_1_24' title='bbox 740 824 849 909; x_wconf 90' lang='lat' dir='ltr'><strong>panda</strong></span> <span class='ocrx_word' id='word_1_25' title='bbox 872 824 981 888; x_wconf 85' lang='lat' dir='ltr'><strong>carina</strong></span> <span class='ocrx_word' id='word_1_26' title='bbox 1003 825 1077 888; x_wconf 90' lang='lat' dir='ltr'><strong>suis.</strong></span> 
     </span>
    </p>

    <p class='ocr_par' dir='ltr' id='par_1_5' title="bbox 372 927 1187 1118">
     <span class='ocr_line' id='line_1_6' title="bbox 372 927 1187 1013; baseline 0 -21"><span class='ocrx_word' id='word_1_27' title='bbox 372 929 520 992; x_wconf 82' lang='lat' dir='ltr'><strong>addimus</strong></span> <span class='ocrx_word' id='word_1_28' title='bbox 543 938 711 992; x_wconf 76' lang='lat' dir='ltr'><strong>antemnas</strong></span> <span class='ocrx_word' id='word_1_29' title='bbox 734 937 767 992; x_wconf 86' lang='lat' dir='ltr'><strong>ot</strong></span> <span class='ocrx_word' id='word_1_30' title='bbox 788 927 865 992; x_wconf 89' lang='lat' dir='ltr'><strong>vela</strong></span> <span class='ocrx_word' id='word_1_31' title='bbox 886 929 1056 1013; x_wconf 87' lang='lat' dir='ltr'><strong>sequentia</strong></span> <span class='ocrx_word' id='word_1_32' title='bbox 1077 927 1187 1008; x_wconf 85' lang='lat' dir='ltr'><strong>malos,</strong></span> 
     </span>
     <span class='ocr_line' id='line_1_7' title="bbox 421 1031 1124 1118; baseline -0.001 -23"><span class='ocrx_word' id='word_1_33' title='bbox 421 1033 542 1118; x_wconf 87' lang='lat' dir='ltr'><strong>accipit</strong></span> <span class='ocrx_word' id='word_1_34' title='bbox 565 1042 597 1096; x_wconf 92' lang='lat' dir='ltr'><strong>et</strong></span> <span class='ocrx_word' id='word_1_35' title='bbox 619 1033 722 1118; x_wconf 90' lang='lat' dir='ltr'><strong>pictos</strong></span> <span class='ocrx_word' id='word_1_36' title='bbox 737 1033 860 1118; x_wconf 74' lang='lat' dir='ltr'><strong>¹puppis</strong></span> <span class='ocrx_word' id='word_1_37' title='bbox 883 1031 1011 1095; x_wconf 89' lang='lat' dir='ltr'><strong>adunca</strong></span> <span class='ocrx_word' id='word_1_38' title='bbox 1032 1031 1124 1096; x_wconf 88' lang='lat' dir='ltr'><strong>deos:</strong></span> 
     </span>
    </p>

    <p class='ocr_par' dir='ltr' id='par_1_6' title="bbox 371 1133 1273 1325">
     <span class='ocr_line' id='line_1_8' title="bbox 371 1133 1273 1221; baseline 0 -23"><span class='ocrx_word' id='word_1_39' title='bbox 371 1157 434 1220; x_wconf 93' lang='lat' dir='ltr'><strong>qua</strong></span> <span class='ocrx_word' id='word_1_40' title='bbox 456 1144 566 1200; x_wconf 88' lang='lat' dir='ltr'><strong>tamen</strong></span> <span class='ocrx_word' id='word_1_41' title='bbox 589 1137 657 1221; x_wconf 87' lang='lat' dir='ltr'><strong>ipse</strong></span> <span class='ocrx_word' id='word_1_42' title='bbox 680 1133 792 1217; x_wconf 85' lang='lat' dir='ltr'><strong>vehor,</strong></span> <span class='ocrx_word' id='word_1_43' title='bbox 817 1136 969 1200; x_wconf 88' lang='lat' dir='ltr'><strong>comitata</strong></span> <span class='ocrx_word' id='word_1_44' title='bbox 991 1135 1150 1221; x_wconf 80' lang='lat' dir='ltr'><strong>Cupidine</strong></span> <span class='ocrx_word' id='word_1_45' title='bbox 1173 1157 1273 1220; x_wconf 89' lang='lat' dir='ltr'><strong>parvo</strong></span> 
     </span>
     <span class='ocr_line' id='line_1_9' title="bbox 422 1239 1091 1325; baseline -0.003 -22"><span class='ocrx_word' id='word_1_46' title='bbox 422 1262 555 1325; x_wconf 88' lang='lat' dir='ltr'><strong>sponsor</strong></span> <span class='ocrx_word' id='word_1_47' title='bbox 578 1240 719 1323; x_wconf 84' lang='lat' dir='ltr'><strong>coniugii</strong></span> <span class='ocrx_word' id='word_1_48' title='bbox 743 1247 806 1303; x_wconf 88' lang='lat' dir='ltr'><strong>stat</strong></span> <span class='ocrx_word' id='word_1_49' title='bbox 829 1239 892 1303; x_wconf 89' lang='lat' dir='ltr'><strong>dea</strong></span> <span class='ocrx_word' id='word_1_50' title='bbox 913 1240 1002 1324; x_wconf 87' lang='lat' dir='ltr'><strong>picta</strong></span> <span class='ocrx_word' id='word_1_51' title='bbox 1024 1239 1091 1321; x_wconf 77' lang='lat' dir='ltr'><strong>sui,</strong></span> 
     </span>
    </p>
   </div>
   <div class='ocr_carea' id='block_1_3' title="bbox 218 1394 1100 1481">
    <p class='ocr_par' dir='ltr' id='par_1_7' title="bbox 218 1394 1100 1481">
     <span class='ocr_line' id='line_1_10' title="bbox 218 1394 1100 1481; baseline 0.001 -24"><span class='ocrx_word' id='word_1_52' title='bbox 218 1394 370 1480; x_wconf 88' lang='lat' dir='ltr'><strong>idemque</strong></span> <span class='ocrx_word' id='word_1_53' title='bbox 393 1395 539 1460; x_wconf 87' lang='lat' dir='ltr'><strong>breviter</strong></span> <span class='ocrx_word' id='word_1_54' title='bbox 561 1397 665 1480; x_wconf 84' lang='lat' dir='ltr'><strong>tangit</strong></span> <span class='ocrx_word' id='word_1_55' title='bbox 688 1394 823 1460; x_wconf 86' lang='lat' dir='ltr'><strong>Oenone</strong></span> <span class='ocrx_word' id='word_1_56' title='bbox 847 1418 897 1481; x_wconf 89' lang='lat' dir='ltr'><strong>ep.</strong></span> <span class='ocrx_word' id='word_1_57' title='bbox 920 1395 951 1460; x_wconf 92' lang='lat' dir='ltr'>V</span> <span class='ocrx_word' id='word_1_58' title='bbox 973 1401 1012 1463; x_wconf 89' lang='lat'><strong>41</strong></span> <span class='ocrx_word' id='word_1_59' title='bbox 1039 1417 1100 1480; x_wconf 71' lang='grc' dir='ltr'>ειμι</span> 
     </span>
    </p>
   </div>
   <div class='ocr_carea' id='block_1_4' title="bbox 373 1533 1235 1723">
    <p class='ocr_par' dir='ltr' id='par_1_8' title="bbox 373 1533 1235 1723">
     <span class='ocr_line' id='line_1_11' title="bbox 373 1533 1235 1619; baseline 0 -23"><span class='ocrx_word' id='word_1_60' title='bbox 373 1537 480 1596; x_wconf 89' lang='lat' dir='ltr'><strong>‘caesa</strong></span> <span class='ocrx_word' id='word_1_61' title='bbox 502 1533 591 1597; x_wconf 88' lang='lat' dir='ltr'><strong>abies</strong></span> <span class='ocrx_word' id='word_1_62' title='bbox 614 1543 788 1619; x_wconf 84' lang='lat' dir='ltr'><strong>sectaeque</strong></span> <span class='ocrx_word' id='word_1_63' title='bbox 812 1534 921 1598; x_wconf 88' lang='lat' dir='ltr'><strong>trabes</strong></span> <span class='ocrx_word' id='word_1_64' title='bbox 944 1542 976 1597; x_wconf 93' lang='lat' dir='ltr'><strong>et</strong></span> <span class='ocrx_word' id='word_1_65' title='bbox 999 1533 1099 1597; x_wconf 81' lang='lat' dir='ltr'><strong>classe</strong></span> <span class='ocrx_word' id='word_1_66' title='bbox 1122 1542 1235 1619; x_wconf 89' lang='lat' dir='ltr'><strong>parata</strong></span> 
     </span>
     <span class='ocr_line' id='line_1_12' title="bbox 425 1635 1082 1723; baseline 0.003 -23"><span class='ocrx_word' id='word_1_67' title='bbox 425 1635 555 1700; x_wconf 89' lang='lat' dir='ltr'><strong>caerula</strong></span> <span class='ocrx_word' id='word_1_68' title='bbox 579 1647 704 1701; x_wconf 88' lang='lat' dir='ltr'><strong>ceratas</strong></span> <span class='ocrx_word' id='word_1_69' title='bbox 727 1637 847 1723; x_wconf 88' lang='lat' dir='ltr'><strong>accipit</strong></span> <span class='ocrx_word' id='word_1_70' title='bbox 868 1635 956 1700; x_wconf 89' lang='lat' dir='ltr'><strong>unda</strong></span> <span class='ocrx_word' id='word_1_71' title='bbox 978 1636 1082 1702; x_wconf 86' lang='lat' dir='ltr'><strong>rates&#39;.</strong></span> 
     </span>
    </p>
   </div>
   <div class='ocr_carea' id='block_1_5' title="bbox 217 1772 1293 1859">
    <p class='ocr_par' dir='ltr' id='par_1_9' title="bbox 217 1772 1293 1859">
     <span class='ocr_line' id='line_1_13' title="bbox 217 1772 1293 1859; baseline 0 -23"><span class='ocrx_word' id='word_1_72' title='bbox 217 1772 373 1837; x_wconf 86' lang='lat' dir='ltr'><strong>Similiter</strong></span> <span class='ocrx_word' id='word_1_73' title='bbox 395 1783 503 1839; x_wconf 89' lang='lat' dir='ltr'><strong>autem</strong></span> <span class='ocrx_word' id='word_1_74' title='bbox 526 1773 694 1839; x_wconf 82' lang='lat' dir='ltr'><strong>Colluthus</strong></span> <span class='ocrx_word' id='word_1_75' title='bbox 718 1775 759 1838; x_wconf 92' lang='lat' dir='ltr'><strong>de</strong></span> <span class='ocrx_word' id='word_1_76' title='bbox 782 1797 822 1840; x_wconf 89' lang='lat' dir='ltr'><strong>ea</strong></span> <span class='ocrx_word' id='word_1_77' title='bbox 844 1799 879 1840; x_wconf 90' lang='lat' dir='ltr'><strong>re</strong></span> <span class='ocrx_word' id='word_1_78' title='bbox 902 1773 1044 1858; x_wconf 82' lang='lat' dir='ltr'><strong>disputat</strong></span> <span class='ocrx_word' id='word_1_79' title='bbox 1066 1797 1098 1838; x_wconf 89' lang='lat' dir='ltr'><strong>v.</strong></span> <span class='ocrx_word' id='word_1_80' title='bbox 1124 1779 1185 1843; x_wconf 84' lang='lat'><strong>194</strong></span> <span class='ocrx_word' id='word_1_81' title='bbox 1208 1795 1293 1859; x_wconf 86' lang='lat' dir='ltr'><strong>sqq.:</strong></span> 
     </span>
    </p>
   </div>
   <div class='ocr_carea' id='block_1_6' title="bbox 371 1910 1211 2522">
    <p class='ocr_par' dir='ltr' id='par_1_10' title="bbox 372 1910 1211 2416">
     <span class='ocr_line' id='line_1_14' title="bbox 373 1910 1211 2002; baseline -0.001 -22"><span class='ocrx_word' id='word_1_82' title='bbox 373 1911 528 2001; x_wconf 87' lang='grc' dir='ltr'>Δύςπαρις</span> <span class='ocrx_word' id='word_1_83' title='bbox 541 1913 564 2000; x_wconf 87' lang='lat'><strong>¹)</strong></span> <span class='ocrx_word' id='word_1_84' title='bbox 590 1913 747 2002; x_wconf 54' lang='grc' dir='ltr'>ἀὲροίσας</span> <span class='ocrx_word' id='word_1_85' title='bbox 772 1915 822 1981; x_wconf 80' lang='grc' dir='ltr'><strong>έπί</strong></span> <span class='ocrx_word' id='word_1_86' title='bbox 845 1911 973 1981; x_wconf 79' lang='grc' dir='ltr'>δάσκιον</span> <span class='ocrx_word' id='word_1_87' title='bbox 996 1911 1113 2000; x_wconf 79' lang='grc' dir='ltr'>ήγαχεν</span> <span class='ocrx_word' id='word_1_88' title='bbox 1137 1910 1211 2000; x_wconf 82' lang='grc' dir='ltr'>ύλην</span> 
     </span>
     <span class='ocr_line' id='line_1_15' title="bbox 376 2013 1112 2105; baseline 0 -23"><span class='ocrx_word' id='word_1_89' title='bbox 376 2015 491 2104; x_wconf 82' lang='grc' dir='ltr'>ἀνέρας</span> <span class='ocrx_word' id='word_1_90' title='bbox 515 2014 689 2105; x_wconf 79' lang='grc' dir='ltr'>ἐργοπόνοιο</span> <span class='ocrx_word' id='word_1_91' title='bbox 714 2014 879 2104; x_wconf 83' lang='grc' dir='ltr'>δαήμονας</span> <span class='ocrx_word' id='word_1_92' title='bbox 905 2013 1112 2105; x_wconf 81' lang='grc' dir='ltr'>Ἀτρυτώνης.</span> 
     </span>
     <span class='ocr_line' id='line_1_16' title="bbox 376 2117 1139 2208; baseline 0 -22"><span class='ocrx_word' id='word_1_93' title='bbox 376 2124 456 2188; x_wconf 59' lang='grc' dir='ltr'><strong>ένῖῑα</strong></span> <span class='ocrx_word' id='word_1_94' title='bbox 479 2125 704 2207; x_wconf 78' lang='grc' dir='ltr'>πολυπρέμνοιο</span> <span class='ocrx_word' id='word_1_95' title='bbox 729 2119 912 2208; x_wconf 78' lang='grc' dir='ltr'>δαϊζόμεναι</span> <span class='ocrx_word' id='word_1_96' title='bbox 935 2117 1026 2207; x_wconf 89' lang='grc' dir='ltr'>δρύες</span> <span class='ocrx_word' id='word_1_97' title='bbox 1047 2117 1139 2206; x_wconf 81' lang='grc' dir='ltr'>Ἴδης</span> 
     </span>
     <span class='ocr_line' id='line_1_17' title="bbox 374 2221 1211 2313; baseline 0.001 -22"><span class='ocrx_word' id='word_1_98' title='bbox 374 2221 482 2310; x_wconf 81' lang='grc' dir='ltr'>ήριιιον</span> <span class='ocrx_word' id='word_1_99' title='bbox 507 2221 698 2311; x_wconf 80' lang='grc' dir='ltr'>ἀρχεκάκοιο</span> <span class='ocrx_word' id='word_1_100' title='bbox 722 2221 962 2313; x_wconf 77' lang='grc' dir='ltr'>περιφροσύνῃσι</span> <span class='ocrx_word' id='word_1_101' title='bbox 986 2227 1211 2311; x_wconf 80' lang='grc' dir='ltr'>Φερέκλου,</span> 
     </span>
     <span class='ocr_line' id='line_1_18' title="bbox 372 2324 1106 2416; baseline 0 -21"><span class='ocrx_word' id='word_1_102' title='bbox 372 2324 408 2404; x_wconf 68' lang='grc' dir='ltr'><strong>ὃς</strong></span> <span class='ocrx_word' id='word_1_103' title='bbox 429 2324 503 2395; x_wconf 90' lang='grc' dir='ltr'>τότε</span> <span class='ocrx_word' id='word_1_104' title='bbox 527 2331 731 2416; x_wconf 80' lang='grc' dir='ltr'>μαργαίνοντι</span> <span class='ocrx_word' id='word_1_105' title='bbox 754 2326 957 2416; x_wconf 81' lang='grc' dir='ltr'>χαριζόμενος</span> <span class='ocrx_word' id='word_1_106' title='bbox 980 2332 1106 2414; x_wconf 78' lang='grc' dir='ltr'>βασιλῆι</span> 
     </span>
    </p>

    <p class='ocr_par' dir='ltr' id='par_1_11' title="bbox 371 2428 1187 2522">
     <span class='ocr_line' id='line_1_19' title="bbox 371 2428 1187 2522; baseline 0 -26"><span class='ocrx_word' id='word_1_107' title='bbox 371 2433 452 2516; x_wconf 80' lang='grc' dir='ltr'>νῆας</span> <span class='ocrx_word' id='word_1_108' title='bbox 478 2428 674 2521; x_wconf 81' lang='grc' dir='ltr'>Ἀλεξάνδρῳ</span> <span class='ocrx_word' id='word_1_109' title='bbox 699 2429 843 2522; x_wconf 83' lang='grc' dir='ltr'>δρυτόμῳ</span> <span class='ocrx_word' id='word_1_110' title='bbox 867 2428 1045 2518; x_wconf 74' lang='grc' dir='ltr'>τεκτήνατο</span> <span class='ocrx_word' id='word_1_111' title='bbox 1069 2434 1187 2522; x_wconf 78' lang='grc' dir='ltr'>χαλκῷ.</span> 
     </span>
    </p>
   </div>
   <div class='ocr_carea' id='block_1_7' title="bbox 202 2583 1403 3188">
    <p class='ocr_par' dir='ltr' id='par_1_12' title="bbox 202 2583 1403 3188">
     <span class='ocr_line' id='line_1_20' title="bbox 302 2583 1403 2670; baseline 0.002 -24"><span class='ocrx_word' id='word_1_112' title='bbox 302 2584 353 2646; x_wconf 81' lang='lat' dir='ltr'><strong>Ac</strong></span> <span class='ocrx_word' id='word_1_113' title='bbox 375 2607 417 2648; x_wconf 87' lang='lat' dir='ltr'><strong>ne</strong></span> <span class='ocrx_word' id='word_1_114' title='bbox 441 2583 560 2649; x_wconf 87' lang='lat' dir='ltr'><strong>Ovidic</strong></span> <span class='ocrx_word' id='word_1_115' title='bbox 584 2584 715 2670; x_wconf 90' lang='lat' dir='ltr'><strong>quidem</strong></span> <span class='ocrx_word' id='word_1_116' title='bbox 739 2585 806 2649; x_wconf 89' lang='lat' dir='ltr'><strong>eius</strong></span> <span class='ocrx_word' id='word_1_117' title='bbox 828 2607 960 2666; x_wconf 83' lang='lat' dir='ltr'><strong>nomen,</strong></span> <span class='ocrx_word' id='word_1_118' title='bbox 985 2585 1040 2670; x_wconf 92' lang='lat' dir='ltr'><strong>qui</strong></span> <span class='ocrx_word' id='word_1_119' title='bbox 1063 2584 1199 2649; x_wconf 85' lang='lat' dir='ltr'><strong>classem</strong></span> <span class='ocrx_word' id='word_1_120' title='bbox 1221 2584 1403 2666; x_wconf 86' lang='lat' dir='ltr'><strong>fabricavit,</strong></span> 
     </span>
     <span class='ocr_line' id='line_1_21' title="bbox 202 2675 1403 2774; baseline 0.001 -25"><span class='ocrx_word' id='word_1_121' title='bbox 202 2675 363 2772; x_wconf 60' lang='lat' dir='ltr'><strong>&#39;ignotum</strong></span> <span class='ocrx_word' id='word_1_122' title='bbox 384 2687 481 2752; x_wconf 80' lang='lat' dir='ltr'><strong>fuisse</strong></span> <span class='ocrx_word' id='word_1_123' title='bbox 506 2711 548 2752; x_wconf 89' lang='lat' dir='ltr'><strong>ex</strong></span> <span class='ocrx_word' id='word_1_124' title='bbox 571 2711 634 2753; x_wconf 92' lang='lat' dir='ltr'><strong>uno</strong></span> <span class='ocrx_word' id='word_1_125' title='bbox 658 2689 820 2753; x_wconf 88' lang='lat' dir='ltr'><strong>evincitur</strong></span> <span class='ocrx_word' id='word_1_126' title='bbox 840 2688 994 2774; x_wconf 83' lang='lat' dir='ltr'><strong>epitheto,</strong></span> <span class='ocrx_word' id='word_1_127' title='bbox 1019 2710 1081 2773; x_wconf 93' lang='lat' dir='ltr'><strong>quo</strong></span> <span class='ocrx_word' id='word_1_128' title='bbox 1096 2687 1187 2751; x_wconf 88' lang='lat' dir='ltr'><strong>Paris</strong></span> <span class='ocrx_word' id='word_1_129' title='bbox 1202 2686 1291 2751; x_wconf 92' lang='lat' dir='ltr'><strong>illum</strong></span> <span class='ocrx_word' id='word_1_130' title='bbox 1308 2688 1403 2772; x_wconf 77' lang='lat' dir='ltr'><strong>signi-</strong></span> 
     </span>
     <span class='ocr_line' id='line_1_22' title="bbox 216 2789 1402 2878; baseline 0.003 -26"><span class='ocrx_word' id='word_1_131' title='bbox 216 2790 411 2857; x_wconf 69' lang='grc'><strong>1101111221</strong></span> <span class='ocrx_word' id='word_1_132' title='bbox 435 2789 509 2855; x_wconf 84' lang='lat' dir='ltr'><strong>‘feci</strong></span> <span class='ocrx_word' id='word_1_133' title='bbox 532 2790 629 2875; x_wconf 87' lang='lat' dir='ltr'><strong>longa</strong></span> <span class='ocrx_word' id='word_1_134' title='bbox 643 2791 878 2857; x_wconf 87' lang='lat' dir='ltr'><strong>Phereclea</strong></span> <span class='ocrx_word' id='word_1_135' title='bbox 898 2814 957 2878; x_wconf 89' lang='lat' dir='ltr'><strong>per</strong></span> <span class='ocrx_word' id='word_1_136' title='bbox 979 2791 1062 2856; x_wconf 88' lang='lat' dir='ltr'><strong>freta</strong></span> <span class='ocrx_word' id='word_1_137' title='bbox 1084 2813 1191 2877; x_wconf 91' lang='lat' dir='ltr'><strong>puppe</strong></span> <span class='ocrx_word' id='word_1_138' title='bbox 1208 2791 1296 2855; x_wconf 86' lang='lat' dir='ltr'><strong>vias&#39;.</strong></span> <span class='ocrx_word' id='word_1_139' title='bbox 1331 2790 1402 2870; x_wconf 74' lang='lat' dir='ltr'><strong>Quo</strong></span> 
     </span>
     <span class='ocr_line' id='line_1_23' title="bbox 217 2895 1403 2978; baseline 0 -20"><span class='ocrx_word' id='word_1_140' title='bbox 217 2915 375 2958; x_wconf 89' lang='lat' dir='ltr'><strong>consensu</strong></span> <span class='ocrx_word' id='word_1_141' title='bbox 410 2895 529 2958; x_wconf 90' lang='lat' dir='ltr'><strong>iterum</strong></span> <span class='ocrx_word' id='word_1_142' title='bbox 567 2895 609 2958; x_wconf 88' lang='lat' dir='ltr'><strong>ad</strong></span> <span class='ocrx_word' id='word_1_143' title='bbox 646 2895 768 2961; x_wconf 89' lang='lat' dir='ltr'><strong>fontem</strong></span> <span class='ocrx_word' id='word_1_144' title='bbox 803 2918 1006 2962; x_wconf 88' lang='lat' dir='ltr'><strong>communem</strong></span> <span class='ocrx_word' id='word_1_145' title='bbox 1039 2917 1231 2958; x_wconf 86' lang='lat' dir='ltr'><strong>revocamur</strong></span> <span class='ocrx_word' id='word_1_146' title='bbox 1264 2915 1403 2978; x_wconf 88' lang='lat' dir='ltr'><strong>eumque</strong></span> 
     </span>
     <span class='ocr_line' id='line_1_24' title="bbox 217 2994 1401 3085; baseline 0.001 -26"><span class='ocrx_word' id='word_1_147' title='bbox 217 2994 475 3063; x_wconf 85' lang='lat' dir='ltr'><strong>alexandrinum.</strong></span> <span class='ocrx_word' id='word_1_148' title='bbox 498 2998 583 3062; x_wconf 90' lang='lat' dir='ltr'><strong>Nam</strong></span> <span class='ocrx_word' id='word_1_149' title='bbox 596 2999 682 3085; x_wconf 90' lang='lat' dir='ltr'><strong>apud</strong></span> <span class='ocrx_word' id='word_1_150' title='bbox 693 2999 883 3081; x_wconf 85' lang='lat' dir='ltr'><strong>Homerum,</strong></span> <span class='ocrx_word' id='word_1_151' title='bbox 901 2999 954 3084; x_wconf 92' lang='lat' dir='ltr'><strong>qui</strong></span> <span class='ocrx_word' id='word_1_152' title='bbox 965 3021 1066 3064; x_wconf 90' lang='lat' dir='ltr'><strong>naves</strong></span> <span class='ocrx_word' id='word_1_153' title='bbox 1078 2999 1277 3064; x_wconf 84' lang='lat' dir='ltr'><strong>exstruxisse</strong></span> <span class='ocrx_word' id='word_1_154' title='bbox 1289 2996 1401 3079; x_wconf 84' lang='lat' dir='ltr'><strong>fertur,</strong></span> 
     </span>
     <span class='ocr_line' id='line_1_25' title="bbox 216 3098 1174 3188; baseline 0.003 -27"><span class='ocrx_word' id='word_1_155' title='bbox 216 3098 444 3183; x_wconf 74' lang='lat' dir='ltr'><strong>Harmonides</strong></span> <span class='ocrx_word' id='word_1_156' title='bbox 467 3101 619 3167; x_wconf 87' lang='lat' dir='ltr'><strong>Pherecli</strong></span> <span class='ocrx_word' id='word_1_157' title='bbox 640 3113 743 3188; x_wconf 86' lang='lat' dir='ltr'><strong>pater,</strong></span> <span class='ocrx_word' id='word_1_158' title='bbox 766 3113 964 3169; x_wconf 87' lang='lat' dir='ltr'><strong>memoratur</strong></span> <span class='ocrx_word' id='word_1_159' title='bbox 987 3108 1068 3172; x_wconf 73' lang='lat' dir='ltr'><strong>Eae</strong></span> <span class='ocrx_word' id='word_1_160' title='bbox 1091 3124 1174 3188; x_wconf 89' lang='lat' dir='ltr'><strong>sqq.:</strong></span> 
     </span>
    </p>
   </div>
   <div class='ocr_carea' id='block_1_8' title="bbox 371 3239 1257 3744">
    <p class='ocr_par' dir='ltr' id='par_1_13' title="bbox 371 3239 1257 3744">
     <span class='ocr_line' id='line_1_26' title="bbox 372 3239 1196 3332; baseline -0.001 -24"><span class='ocrx_word' id='word_1_161' title='bbox 372 3239 587 3331; x_wconf 85' lang='grc' dir='ltr'>Μηριόνης·δέ</span> <span class='ocrx_word' id='word_1_162' title='bbox 612 3247 769 3331; x_wconf 82' lang='grc' dir='ltr'>Φέρεκλον</span> <span class='ocrx_word' id='word_1_163' title='bbox 794 3241 936 3332; x_wconf 84' lang='grc' dir='ltr'>ἐνήρατο,</span> <span class='ocrx_word' id='word_1_164' title='bbox 961 3245 1110 3320; x_wconf 88' lang='grc' dir='ltr'>τέκτονος</span> <span class='ocrx_word' id='word_1_165' title='bbox 1133 3239 1196 3309; x_wconf 90' lang='grc' dir='ltr'>υίόν</span> 
     </span>
     <span class='ocr_line' id='line_1_27' title="bbox 375 3339 1227 3434; baseline 0 -23"><span class='ocrx_word' id='word_1_166' title='bbox 375 3339 577 3431; x_wconf 58' lang='grc' dir='ltr'>Ἁρμονίδεω,</span> <span class='ocrx_word' id='word_1_167' title='bbox 601 3343 638 3424; x_wconf 68' lang='grc' dir='ltr'><strong>ὃς</strong></span> <span class='ocrx_word' id='word_1_168' title='bbox 659 3347 760 3434; x_wconf 78' lang='grc' dir='ltr'>χερσὶν</span> <span class='ocrx_word' id='word_1_169' title='bbox 785 3349 935 3414; x_wconf 81' lang='grc' dir='ltr'>ἐπίστατο</span> <span class='ocrx_word' id='word_1_170' title='bbox 960 3347 1098 3412; x_wconf 86' lang='grc' dir='ltr'>δαίδαλα</span> <span class='ocrx_word' id='word_1_171' title='bbox 1121 3342 1227 3412; x_wconf 88' lang='grc' dir='ltr'>πάντα</span> 
     </span>
     <span class='ocr_line' id='line_1_28' title="bbox 372 3443 1257 3538; baseline 0 -25"><span class='ocrx_word' id='word_1_172' title='bbox 372 3443 509 3534; x_wconf 89' lang='grc' dir='ltr'>τεύχειν·</span> <span class='ocrx_word' id='word_1_173' title='bbox 534 3450 629 3537; x_wconf 81' lang='grc' dir='ltr'>ἔξοχα</span> <span class='ocrx_word' id='word_1_174' title='bbox 651 3446 712 3537; x_wconf 77' lang='grc' dir='ltr'><strong>γάρ</strong></span> <span class='ocrx_word' id='word_1_175' title='bbox 736 3476 787 3535; x_wconf 89' lang='grc' dir='ltr'><strong>μιν</strong></span> <span class='ocrx_word' id='word_1_176' title='bbox 812 3453 942 3538; x_wconf 80' lang='grc' dir='ltr'>ἐφίλατο</span> <span class='ocrx_word' id='word_1_177' title='bbox 965 3447 1098 3528; x_wconf 85' lang='grc' dir='ltr'>Παλλὰς</span> <span class='ocrx_word' id='word_1_178' title='bbox 1124 3446 1257 3537; x_wconf 63' lang='grc' dir='ltr'>Ἀἳίήνη</span> 
     </span>
     <span class='ocr_line' id='line_1_29' title="bbox 371 3545 1125 3644; baseline 0.004 -28"><span class='ocrx_word' id='word_1_179' title='bbox 371 3545 408 3628; x_wconf 78' lang='grc' dir='ltr'><strong>ός</strong></span> <span class='ocrx_word' id='word_1_180' title='bbox 430 3551 486 3618; x_wconf 83' lang='grc' dir='ltr'><strong>καί</strong></span> <span class='ocrx_word' id='word_1_181' title='bbox 511 3549 708 3644; x_wconf 79' lang='grc' dir='ltr'>Ἀλεξάνδρῳ</span> <span class='ocrx_word' id='word_1_182' title='bbox 732 3551 910 3640; x_wconf 76' lang='grc' dir='ltr'>τεκτήνατο</span> <span class='ocrx_word' id='word_1_183' title='bbox 933 3555 1013 3638; x_wconf 81' lang='grc' dir='ltr'>νήας</span> <span class='ocrx_word' id='word_1_184' title='bbox 1036 3554 1125 3631; x_wconf 85' lang='grc' dir='ltr'>έίσας</span> 
     </span>
     <span class='ocr_line' id='line_1_30' title="bbox 376 3651 1190 3744; baseline 0.001 -24"><span class='ocrx_word' id='word_1_185' title='bbox 376 3651 586 3742; x_wconf 84' lang='grc' dir='ltr'>ἀρχεκάκους,</span> <span class='ocrx_word' id='word_1_186' title='bbox 613 3661 647 3724; x_wconf 85' lang='grc' dir='ltr'><strong>αἳ</strong></span> <span class='ocrx_word' id='word_1_187' title='bbox 669 3659 747 3724; x_wconf 88' lang='grc' dir='ltr'>πάσι</span> <span class='ocrx_word' id='word_1_188' title='bbox 769 3653 869 3723; x_wconf 78' lang='grc' dir='ltr'>κακδν</span> <span class='ocrx_word' id='word_1_189' title='bbox 894 3653 1034 3744; x_wconf 74' lang='grc' dir='ltr'>Τρώεσσι</span> <span class='ocrx_word' id='word_1_190' title='bbox 1057 3660 1190 3741; x_wconf 81' lang='grc' dir='ltr'>γένοντο.</span> 
     </span>
    </p>
   </div>
   <div class='ocr_carea' id='block_1_9' title="bbox 218 3807 1403 4207">
    <p class='ocr_par' dir='ltr' id='par_1_14' title="bbox 218 3807 1403 4207">
     <span class='ocr_line' id='line_1_31' title="bbox 219 3807 1402 3897; baseline -0.001 -24"><span class='ocrx_word' id='word_1_191' title='bbox 219 3807 308 3888; x_wconf 78' lang='lat' dir='ltr'><strong>Quos</strong></span> <span class='ocrx_word' id='word_1_192' title='bbox 337 3831 450 3874; x_wconf 87' lang='lat' dir='ltr'><strong>vorsus</strong></span> <span class='ocrx_word' id='word_1_193' title='bbox 476 3819 566 3873; x_wconf 88' lang='lat' dir='ltr'><strong>recte</strong></span> <span class='ocrx_word' id='word_1_194' title='bbox 589 3809 820 3895; x_wconf 88' lang='lat' dir='ltr'><strong>interpretatur</strong></span> <span class='ocrx_word' id='word_1_195' title='bbox 842 3820 954 3875; x_wconf 86' lang='lat' dir='ltr'><strong>auctor</strong></span> <span class='ocrx_word' id='word_1_196' title='bbox 976 3811 1183 3897; x_wconf 86' lang='lat' dir='ltr'><strong>praefationis</strong></span> <span class='ocrx_word' id='word_1_197' title='bbox 1205 3810 1402 3874; x_wconf 89' lang='lat' dir='ltr'><strong>borbonicae</strong></span> 
     </span>
     <span class='ocr_line' id='line_1_32' title="bbox 218 3911 1403 4000; baseline 0.004 -25"><span class='ocrx_word' id='word_1_198' title='bbox 218 3912 262 3975; x_wconf 92' lang='lat' dir='ltr'><strong>ad</strong></span> <span class='ocrx_word' id='word_1_199' title='bbox 282 3911 420 3976; x_wconf 91' lang='lat' dir='ltr'><strong>Iliadem</strong></span> <span class='ocrx_word' id='word_1_200' title='bbox 442 3935 462 3975; x_wconf 91' lang='lat' dir='ltr'><strong>a</strong></span> <span class='ocrx_word' id='word_1_201' title='bbox 480 3911 646 3998; x_wconf 87' lang='lat' dir='ltr'><strong>Wagnoro</strong></span> <span class='ocrx_word' id='word_1_202' title='bbox 668 3914 703 3977; x_wconf 90' lang='lat' dir='ltr'><strong>in</strong></span> <span class='ocrx_word' id='word_1_203' title='bbox 724 3912 808 3978; x_wconf 89' lang='lat' dir='ltr'><strong>libro</strong></span> <span class='ocrx_word' id='word_1_204' title='bbox 830 3913 961 4000; x_wconf 73' lang='lat' dir='ltr'><strong>laudato</strong></span> <span class='ocrx_word' id='word_1_205' title='bbox 985 3914 1092 3978; x_wconf 90' lang='lat' dir='ltr'><strong>editae</strong></span> <span class='ocrx_word' id='word_1_206' title='bbox 1109 3919 1140 3996; x_wconf 65' lang='grc' dir='ltr'><strong>(ἕ</strong></span> <span class='ocrx_word' id='word_1_207' title='bbox 1155 3919 1177 3982; x_wconf 82' lang='grc'>4</span> <span class='ocrx_word' id='word_1_208' title='bbox 1191 3938 1222 4000; x_wconf 90' lang='lat' dir='ltr'><strong>p.</strong></span> <span class='ocrx_word' id='word_1_209' title='bbox 1239 3918 1317 3983; x_wconf 74' lang='lat'>298:</span> <span class='ocrx_word' id='word_1_210' title='bbox 1342 3911 1403 3992; x_wconf 82' lang='grc' dir='ltr'><strong>τὰς</strong></span> 
     </span>
     <span class='ocr_line' id='line_1_33' title="bbox 219 4014 1402 4105; baseline -0.003 -22"><span class='ocrx_word' id='word_1_211' title='bbox 219 4018 275 4101; x_wconf 84' lang='grc' dir='ltr'><strong>μὲν</strong></span> <span class='ocrx_word' id='word_1_212' title='bbox 306 4015 366 4104; x_wconf 83' lang='grc' dir='ltr'><strong>γὰρ</strong></span> <span class='ocrx_word' id='word_1_213' title='bbox 395 4020 472 4095; x_wconf 82' lang='grc' dir='ltr'>ναύς</span> <span class='ocrx_word' id='word_1_214' title='bbox 503 4014 692 4105; x_wconf 64' lang='grc' dir='ltr'>Ἀρμονίδης</span> <span class='ocrx_word' id='word_1_215' title='bbox 720 4017 963 4098; x_wconf 76' lang='grc' dir='ltr'>κατεσκεύασε).</span> <span class='ocrx_word' id='word_1_216' title='bbox 1015 4018 1134 4082; x_wconf 83' lang='lat' dir='ltr'><strong>Contra</strong></span> <span class='ocrx_word' id='word_1_217' title='bbox 1163 4017 1402 4082; x_wconf 83' lang='lat' dir='ltr'><strong>Alexandrinos</strong></span> 
     </span>
     <span class='ocr_line' id='line_1_34' title="bbox 218 4117 1403 4207; baseline 0 -26"><span class='ocrx_word' id='word_1_218' title='bbox 218 4117 329 4182; x_wconf 87' lang='lat' dir='ltr'><strong>Iliadis</strong></span> <span class='ocrx_word' id='word_1_219' title='bbox 362 4117 433 4183; x_wconf 89' lang='lat' dir='ltr'><strong>illos</strong></span> <span class='ocrx_word' id='word_1_220' title='bbox 466 4141 578 4184; x_wconf 89' lang='lat' dir='ltr'><strong>versus</strong></span> <span class='ocrx_word' id='word_1_221' title='bbox 612 4119 707 4184; x_wconf 89' lang='lat' dir='ltr'><strong>aliter</strong></span> <span class='ocrx_word' id='word_1_222' title='bbox 739 4122 966 4207; x_wconf 88' lang='lat' dir='ltr'><strong>interpretatos</strong></span> <span class='ocrx_word' id='word_1_223' title='bbox 995 4122 1162 4206; x_wconf 84' lang='lat' dir='ltr'><strong>negotium</strong></span> <span class='ocrx_word' id='word_1_224' title='bbox 1191 4143 1211 4183; x_wconf 89' lang='lat' dir='ltr'><strong>a</strong></span> <span class='ocrx_word' id='word_1_225' title='bbox 1238 4129 1330 4205; x_wconf 88' lang='lat' dir='ltr'><strong>patre</strong></span> <span class='ocrx_word' id='word_1_226' title='bbox 1360 4118 1403 4182; x_wconf 90' lang='lat' dir='ltr'><strong>ad</strong></span> 
     </span>
    </p>
   </div>
   <div class='ocr_carea' id='block_1_10' title="bbox 218 4261 423 4268">
    <p class='ocr_par' dir='ltr' id='par_1_15' title="bbox 218 4261 423 4268">
     <span class='ocr_line' id='line_1_35' title="bbox 218 4261 423 4268; baseline 0.005 -1"><span class='ocrx_word' id='word_1_227' title='bbox 218 4261 423 4268; x_wconf 45' lang='grc' dir='ltr'><strong>*ὴ</strong></span> 
     </span>
    </p>
   </div>
   <div class='ocr_carea' id='block_1_11' title="bbox 220 4323 1402 4485">
    <p class='ocr_par' dir='ltr' id='par_1_16' title="bbox 220 4323 1402 4485">
     <span class='ocr_line' id='line_1_36' title="bbox 304 4323 1402 4398; baseline 0.004 -20"><span class='ocrx_word' id='word_1_228' title='bbox 304 4326 326 4391; x_wconf 89' lang='grc'><strong>1)</strong></span> <span class='ocrx_word' id='word_1_229' title='bbox 346 4323 577 4395; x_wconf 81' lang='grc' dir='ltr'>ΔιίςποιριςΗυῐιι.</span> <span class='ocrx_word' id='word_1_230' title='bbox 599 4329 671 4382; x_wconf 85' lang='grc' dir='ltr'><strong>Γ39.</strong></span> <span class='ocrx_word' id='word_1_231' title='bbox 695 4330 790 4383; x_wconf 57' lang='grc'><strong>117769.</strong></span> <span class='ocrx_word' id='word_1_232' title='bbox 819 4329 953 4398; x_wconf 76' lang='grc' dir='ltr'><strong>Λυςελὲνη</strong></span> <span class='ocrx_word' id='word_1_233' title='bbox 972 4331 1035 4384; x_wconf 82' lang='lat' dir='ltr'><strong>Eur.</strong></span> <span class='ocrx_word' id='word_1_234' title='bbox 1050 4330 1094 4385; x_wconf 87' lang='lat' dir='ltr'><strong>Or.</strong></span> <span class='ocrx_word' id='word_1_235' title='bbox 1109 4329 1183 4384; x_wconf 81' lang='lat'>1387.</span> <span class='ocrx_word' id='word_1_236' title='bbox 1210 4327 1268 4397; x_wconf 89' lang='lat' dir='ltr'><strong>Iph.</strong></span> <span class='ocrx_word' id='word_1_237' title='bbox 1282 4328 1314 4382; x_wconf 85' lang='lat' dir='ltr'><strong>A.</strong></span> <span class='ocrx_word' id='word_1_238' title='bbox 1328 4329 1402 4383; x_wconf 83' lang='lat'>1316.</span> 
     </span>
     <span class='ocr_line' id='line_1_37' title="bbox 220 4408 1167 4485; baseline 0.005 -22"><span class='ocrx_word' id='word_1_239' title='bbox 220 4408 372 4478; x_wconf 80' lang='grc' dir='ltr'>Αἰνόπαρις</span> <span class='ocrx_word' id='word_1_240' title='bbox 389 4413 453 4467; x_wconf 85' lang='lat' dir='ltr'><strong>Eur.</strong></span> <span class='ocrx_word' id='word_1_241' title='bbox 473 4413 614 4468; x_wconf 75' lang='grc' dir='ltr'><strong>Η11.945.</strong></span> <span class='ocrx_word' id='word_1_242' title='bbox 650 4413 777 4482; x_wconf 72' lang='lat' dir='ltr'><strong>Alvsls&#39;vp</strong></span> <span class='ocrx_word' id='word_1_243' title='bbox 796 4416 919 4469; x_wconf 84' lang='lat' dir='ltr'><strong>Eustath.</strong></span> <span class='ocrx_word' id='word_1_244' title='bbox 938 4433 963 4485; x_wconf 89' lang='lat' dir='ltr'><strong>p.</strong></span> <span class='ocrx_word' id='word_1_245' title='bbox 982 4419 1040 4484; x_wconf 79' lang='grc'>379,</span> <span class='ocrx_word' id='word_1_246' title='bbox 1060 4415 1093 4470; x_wconf 85' lang='grc'><strong>34</strong></span> <span class='ocrx_word' id='word_1_247' title='bbox 1112 4433 1167 4485; x_wconf 82' lang='lat' dir='ltr'><strong>sqq.</strong></span> 
     </span>
    </p>
   </div>
   <div class='ocr_carea' id='block_1_12' title="bbox 0 0 1627 4860">
    <p class='ocr_par' dir='ltr' id='par_1_17' title="bbox 0 0 1627 4860">
     <span class='ocr_line' id='line_1_38' title="bbox 0 0 1627 4860; baseline 0 0"><span class='ocrx_word' id='word_1_248' title='bbox 0 0 1627 4860; x_wconf 95' lang='lat' dir='ltr'><strong> </strong></span> 
     </span>
    </p>
   </div>
  </div>
 </body>
</html>
