3214 4854
667 362 881 426 „55-

269 699 336 766 Sed
351 702 434 766 haec
450 701 617 766 hactenus.
641 702 710 766 Iam
727 701 812 765 enim
827 723 885 766 nos
902 712 1128 766 convertamus
1144 700 1186 764 ad
1198 700 1370 766 alteram

183 801 305 867 huius
329 805 646 870 dissertationis
669 814 844 891 partem,
869 827 934 890 qua
960 814 1075 888 agatur

245 950 308 1034 de
344 951 708 1036 ovidianarum
748 951 1079 1054 epistularum
1112 950 1309 1034 Paridis

294 1089 610 1190 Helenaeque
631 1083 762 1196 (XVI
782 1091 832 1171 et
849 1083 1002 1196 XVII)
1023 1087 1257 1172 fontibus.

271 1248 367 1328 Quod
388 1251 490 1336 primo
514 1250 630 1315 obtutu
652 1251 786 1315 fortasse
802 1250 998 1336 superfluum
1014 1251 1174 1333 videatur,
1200 1260 1369 1336 postquam

182 1354 367 1438 nuperrime
398 1354 518 1439 prodiit
547 1353 675 1419 libellus
703 1353 887 1437 aGeorgio
911 1353 1061 1419 Wentzel
1092 1355 1307 1438 conscriptus,
1337 1355 1371 1417 in

184 1479 247 1541 quo
278 1457 392 1521 eadem
422 1468 561 1521 tractata
590 1468 638 1522 est
669 1460 823 1544 quaestio.
836 1460 860 1543 ¹)
906 1457 972 1523 Sed
1002 1456 1154 1522 Wentzel
1183 1457 1313 1541 quidem
1335 1456 1370 1520 id

184 1561 265 1643 egit,
289 1570 325 1622 ut
347 1570 448 1624 totam
470 1559 539 1625 fere
564 1561 721 1642 fabulam,
746 1561 874 1647 qualem
899 1561 939 1624 de
962 1560 1061 1624 rebus
1083 1560 1270 1624 antetroicis
1294 1559 1370 1624 Ovi-

184 1662 256 1727 dius
285 1665 465 1748 proposuit,
497 1687 514 1729 e
537 1664 658 1750 Cyprio
683 1665 824 1729 carmine
848 1676 1007 1750 sumptam
1035 1686 1104 1728 esse
1126 1662 1219 1726 nobis
1241 1686 1371 1747 persua-

185 1765 294 1829 deret:
319 1767 405 1853 quod
419 1790 478 1852 per
494 1791 528 1832 se
545 1767 795 1854 haudquaquam
811 1766 1024 1854 improbabile
1041 1776 1098 1848 est,
1120 1766 1269 1855 quoniam
1285 1766 1371 1832 illius

185 1880 311 1952 auctor,
342 1892 415 1933 cum
445 1882 596 1935 cunctam
618 1870 706 1934 illam
729 1871 872 1936 fabulam
895 1871 1016 1958 primus
1037 1869 1153 1933 litteris
1176 1870 1370 1954 mandasset,

185 1971 333 2036 omnibus
354 1975 459 2060 poetis
480 1973 712 2061 posterioribus
735 1975 884 2060 exemplo
907 1974 977 2038 fuit.
1015 1972 1193 2036 Attamen
1216 1972 1370 2039 Ovidium

184 2075 344 2160 quaedam
367 2100 431 2141 non
455 2076 626 2163 eCypriis,
650 2100 763 2141 verum
787 2100 805 2141 e
828 2078 916 2143 fonte
932 2077 1047 2142 aetatis
1063 2074 1226 2161 aliquanto
1242 2079 1370 2142 serioris

184 2180 303 2265 petisse
332 2203 373 2244 ne
397 2179 615 2245 Wentzelium
645 2181 776 2266 quidem
806 2182 898 2266 fugit.
944 2180 1036 2260 Quae
1065 2179 1255 2265 profluxisse
1278 2191 1371 2266 putat

184 2284 293 2347 nescio
310 2306 373 2368 qua
389 2305 407 2347 e
424 2284 617 2366 narratione,
638 2284 771 2348 fortasse
788 2283 960 2348 enchiridii
976 2282 1143 2348 cuiusdam
1157 2285 1370 2368 posteriorum

185 2397 375 2473 temporum,
389 2410 451 2473 quo
465 2386 622 2473 quidquid
634 2386 676 2452 ad
684 2387 938 2452 Antehomerica
948 2387 1090 2472 pertinet
1102 2385 1369 2473 comprehensum

184 2490 292 2554 fuerit.

270 2593 351 2658 Eam
386 2605 495 2658 autem
529 2596 747 2660 narrationem
781 2593 965 2658 accuratius
999 2591 1134 2656 definire
1168 2615 1261 2677 posse
1291 2593 1369 2657 mihi

182 2696 307 2761 videor.
358 2696 488 2784 Operae
518 2699 603 2762 enim
632 2699 772 2785 pretium
802 2708 851 2762 est
878 2706 1028 2782 poemate
1058 2695 1150 2780 spico
1180 2697 1214 2759 in
1242 2695 1304 2758 hac
1334 2719 1370 2760 re

182 2801 401 2887 perquirenda
423 2801 517 2865 nimis
539 2802 647 2866 adhuc
670 2801 821 2887 neglecto
845 2799 1032 2865 Colluthi
1054 2798 1369 2885 Lycopolitani,

154 2895 167 2916 “
184 2904 271 2989 quod
288 2905 475 2969 inscribitur
491 2903 652 2994 Ἃρπαγη
669 2909 737 2992 τῆς
755 2902 926 2992 Ἑλένης,
952 2925 1025 2967 cum
1042 2901 1186 2988 epistulis
1202 2900 1370 2966 Ovidianis

183 3019 368 3094 comparato
402 3009 569 3094 utriusque
602 3018 719 3094 poetae
749 3008 886 3088 fontem,
921 3005 1027 3092 quoad
1056 3006 1124 3070 eius
1153 3004 1225 3068 fieri
1253 3014 1368 3091 potest,

184 3110 314 3175 elicere.
360 3110 432 3191 Quo
462 3112 496 3175 in
524 3111 732 3176 instaurando
762 3109 929 3175 fatendum
960 3119 1009 3172 est
1037 3109 1079 3173 ob
1108 3108 1369 3195 quaestiunculas

184 3214 428 3298 minutissimas,
458 3225 494 3279 ut
517 3215 550 3278 in
573 3215 720 3279 omnibus
743 3213 887 3278 eiusdem
909 3211 1038 3297 generis
1061 3211 1158 3276 rebus
1182 3210 1368 3294 tractandis,

182 3318 343 3403 permulta
366 3329 432 3382 tam
455 3340 611 3404 apparere
629 3317 737 3399 dubia,
761 3328 797 3382 ut
812 3339 908 3402 saepe
925 3340 965 3381 ne
982 3316 1024 3379 ad
1040 3316 1109 3380 veri
1125 3315 1369 3380 similitudinem

183 3422 314 3507 quidem
336 3421 516 3506 procedere
539 3420 646 3484 liceat.

270 3524 515 3589 Prasmonenda
544 3524 713 3605 videntur,
743 3533 779 3587 ut
806 3535 930 3588 certum
954 3522 1092 3586 iaciatur
1113 3521 1368 3602 fundamentum,

183 3650 288 3714 pauca
311 3627 352 3691 de
376 3626 519 3692 Colluthi
542 3628 730 3711 carminefl)

270 3730 379 3816 Atque
410 3730 536 3794 exordii
558 3730 629 3796 loco
652 3730 856 3794 invocatione
879 3727 1096 3815 nympharum
1118 3728 1206 3791 facta
1228 3728 1368 3812 quinque

183 3833 252 3898 fere
274 3833 421 3920 partibus
443 3834 527 3898 haec
548 3833 769 3921 proferuntur:

269 3938 399 4022 prima
427 3938 593 4004 notissima
620 3936 677 4000 illa
704 3935 814 3999 fabula
837 3935 878 3998 de
901 3934 992 3998 Pelei
1014 3933 1227 4018 Thetidisque
1250 3931 1370 4017 nuptiis

184 4051 218 4106 et
240 4037 432 4105 Discordiae
455 4042 539 4105 malo
563 4050 746 4122 enarratum

271 4247 292 4314 ¹)
311 4245 522 4314 Ἐπιθαλάμιον.
555 4247 817 4316 WolfgangPassow
836 4289 841 4300 .
862 4288 868 4300 .
888 4287 893 4299 .
913 4245 1090 4313 dargebracht
1107 4260 1157 4297 von
1176 4245 1206 4297 F.
1221 4243 1298 4311 Spiro
1317 4243 1370 4297 und

184 4337 216 4390 G.
235 4333 368 4390 chtzel.
403 4333 521 4401 Gotting.
542 4335 616 4392 latro,

271 4419 293 4487 Ἄ)
311 4419 435 4474 Numeris
447 4427 508 4476 utor
521 4421 646 4476 editionis
659 4422 692 4476 ab
701 4421 733 4474 E.
744 4420 839 4473 Abelio
852 4426 967 4482 curatae,
981 4433 1048 4486 qnae
1058 4416 1156 4485 prodiit
1166 4415 1284 4469 Berclini
1296 4416 1370 4468 1880.
