3242 4860
745 298 958 362 ..62—

262 463 302 526 de
327 465 503 528 certamine
528 476 637 530 autem
660 467 739 529 dicit
761 465 873 529 Venus
895 489 926 528 v.
949 470 1008 533 86:
1033 462 1125 550 ἐγγὺς
1148 463 1244 552 ἀγών
1268 467 1323 552 (cf.
1348 468 1444 531 etiam

262 568 324 631 Ov.
341 591 371 632 u.
392 570 476 654 139),
499 609 543 616 -
566 579 600 632 et
621 590 703 653 quae
719 569 917 632 Mercurium
935 568 1151 654 disputantem
1175 568 1252 633 facit
1267 570 1443 634 Lucianus:

261 669 382 739 κελεύει
398 697 432 740 σε
448 671 554 755 (Ζεὺς)
571 671 769 759 δικαστὴν
792 676 989 758 γενέσῖῑαι
1011 675 1080 740 τοῦ
1104 671 1280 752 κάλλους
1301 673 1443 756 αὐτῶν,

262 773 333 838 coll.
351 778 370 855 ξ
388 781 415 856 1,
439 774 495 838 ubi
511 774 636 861 Iupiter
650 774 829 838 Mercurio:
853 780 925 859 λέγε
949 773 1028 863 πρὸς
1044 773 1148 856 αὐτόν,
1172 772 1222 844 Γιἰτι
1239 781 1283 858 σέ,
1309 769 1332 844 ὦ
1350 775 1443 865 Πάρι,

261 876 383 946 κελεύει
407 876 421 946 ὃ
446 877 527 957 Ζεὺς
551 933 557 944 .
582 933 588 944 .
614 932 620 944 .
645 877 775 947 δικάσαι
797 890 870 956 ταῖς
891 884 1001 960 hesic,
1025 875 1097 966 ἥτις
1120 877 1222 947 αὐτῶν
1244 876 1264 966 ἡ
1289 883 1443 968 καλλίστη

262 984 343 1049 ἐστί·
367 985 423 1049 τοῦ
447 986 480 1048 δὲ
505 981 655 1066 ἀγῶνος
677 981 713 1050 τὸ
738 973 837 1050 ἄλλον
860 977 879 1069 ἡ
904 985 1022 1049 νικῶσα
1044 986 1169 1064 λαβέτω
1192 979 1229 1050 τὸ
1253 987 1358 1072 μῆλον.

345 1083 402 1148 Est
432 1092 540 1148 autem
569 1083 746 1148 notandum
774 1107 793 1147 a
819 1094 916 1170 poeta
937 1105 1067 1149 romano
1090 1105 1247 1169 nusquam
1270 1085 1443 1149 memorari

259 1186 450 1252 Discordiae
473 1187 602 1270 malum,
627 1187 714 1273 quod
735 1188 855 1269 Paridi,
878 1200 915 1251 nt
936 1187 1174 1273 pulcherrimae
1198 1187 1333 1252 donaret
1349 1188 1440 1270 deae,

258 1289 440 1356 Mercurius
463 1289 544 1354 tulit.
586 1291 656 1355 Nec
680 1302 789 1356 tamen
811 1290 873 1356 hoc
897 1292 1013 1356 mirum
1036 1291 1175 1373 videtur,
1200 1313 1273 1355 cum
1296 1291 1441 1372 Nasonis,

259 1395 314 1479 qui
343 1393 428 1458 nullo
451 1395 552 1459 verbo
574 1395 665 1459 Pelei
688 1405 721 1458 et
743 1393 892 1458 Thetidis
993 1395 1042 1457 ias
1063 1377 1183 1459 iudicio
1206 1395 1330 1458 Paridis
1353 1405 1441 1459 ante-

259 1497 414 1561 cedentes
433 1499 646 1584 persequitur,
669 1497 750 1563 nihil
765 1498 924 1562 interesse'
935 1508 1077 1584 potuerit
1093 1498 1134 1563 de
1148 1497 1203 1561 illo
1220 1498 1330 1562 dicere
1345 1497 1438 1579 malo,

259 1602 349 1665 cuius
365 1599 534 1665 Colluthus
556 1612 589 1664 et
604 1601 768 1666 Lucienus
790 1602 986 1666 mentionem
1009 1612 1181 1688 propterea
1199 1600 1331 1683 faciunt,
1355 1600 1439 1686 quod

258 1716 354 1768 antea
375 1702 466 1768 Pelei
489 1706 617 1790 nuptias
641 1715 882 1769 enarraverunt.
921 1703 993 1783 Quo
1016 1704 1063 1786 fit,
1086 1717 1122 1768 ut
1138 1703 1300 1769 Ovidiana
1322 1704 1384 1768 hac
1407 1706 1440 1768 in

257 1831 292 1872 re
322 1809 483 1893 conspiret
506 1831 579 1872 cum
602 1809 786 1873 narratione
809 1808 1015 1894 Cypriorum:
1047 1808 1224 1873 secundum
1248 1830 1319 1872 eam
1342 1809 1436 1889 enim,

257 1923 411 1996 quantum
436 1934 453 1974 e
475 1911 582 1975 Procli
605 1911 857 1977 chrestomathia
880 1913 1111 1996 cognoscimus,
1139 1914 1222 1976 sicut
1245 1922 1277 1975 et
1299 1913 1332 1976 in
1354 1912 1438 1975 vasis

256 2015 547 2100 antiquissimorum
579 2026 758 2100 temporum
772 2017 795 2102 1)
831 2025 865 2079 et
896 2017 930 2078 in
959 2024 1027 2079 tota
1054 2016 1230 2080 vetustiore
1257 2015 1438 2080 fabularum

256 2119 420 2198 memoria,
445 2119 496 2182 oui
520 2119 618 2182 etiam
641 2119 757 2202 tragici
779 2130 895 2204 poetae
912 2141 946 2182 se
963 2118 1176 2203 adstringunt,
1198 2120 1290 2184 Paris
1306 2119 1438 2184 dearum

257 2243 387 2285 causam
417 2221 574 2286 diiudicat
602 2222 721 2286 verbis.
766 2221 902 2286 Novisse
930 2222 1079 2286 nimirum
1107 2222 1261 2286 Ovidium
1284 2221 1438 2307 Cyprium

256 2346 401 2405 carmen,
432 2327 577 2410 quamvis
606 2348 669 2390 non
700 2326 861 2410 integrum
892 2325 950 2389 sed
978 2335 1169 2410 excerptum
1199 2347 1218 2388 a
1244 2326 1437 2410 nescioquo

256 2430 481 2511 grammatico,
511 2451 554 2492 ex
585 2429 630 2493 eis
659 2451 742 2515 quae
772 2439 885 2515 postea
913 2429 1105 2516 disputaturi
1127 2452 1235 2493 sumus
1258 2427 1436 2515 apparebit.

254 2530 324 2595 Nec
347 2554 424 2598 vero
447 2531 533 2613 inde,
558 2533 643 2617 quod
668 2533 708 2596 de
732 2531 815 2597 malo
838 2531 892 2596 illo
916 2532 1036 2598 famoso
1059 2542 1156 2614 tacet,
1181 2533 1348 2618 quisquam
1365 2553 1437 2595 con-

255 2634 429 2699 cludat-
451 2645 487 2699 ut
511 2635 634 2721 placuit
657 2635 873 2722 Wentzelioss)
897 2675 939 2704 ,-
962 2659 1036 2699 eum
1063 2635 1181 2699 nullius
1205 2636 1354 2700 carminis
1377 2635 1436 2698 nisi

254 2737 446 2824 Cypriorum
468 2724 693 2824 argumentum
716 2740 770 2803 hic
793 2749 868 2802 ante
893 2740 1001 2805 oculos
1024 2738 1185 2803 habuisse.
1219 2737 1322 2802 Immo
1344 2736 1436 2802 nobis

253 2843 317 2906 iam
346 2842 490 2928 profiteri
518 2841 610 2924 licet,
642 2843 727 2930 quod
750 2843 833 2907 infra
855 2843 958 2928 magis
980 2842 1186 2928 probabitur,
1217 2863 1291 2905 eum
1313 2842 1347 2904 in
1368 2841 1435 2904 uni·

254 2966 383 3008 versum
422 2967 439 3007 e
473 2947 656 3010 narratione
690 2947 879 3012 recentioris
912 2946 1111 3033 potissimum
1145 2945 1273 3026 aetatis,
1312 2943 1435 3007 scilicet

254 3046 502 3129 alexandrinae,
525 3048 667 3112 fabulam
689 3048 834 3113 hausisse
857 3047 1017 3114 nonnullis
1038 3049 1150 3130 rebus,
1174 3069 1256 3133 quae
1280 3047 1311 3111 ei
1333 3047 1434 3130 magis

253 3150 390 3214 idoneae
414 3151 618 3235 videbantur,
643 3176 685 3217 ex
708 3154 888 3238 antiquiore
911 3152 1075 3217 immixtis.
1091 3192 1134 3200 -

336 3253 368 3317 A
389 3253 551 3319 Mercurio
574 3256 661 3320 Iovis
691 3255 844 3320 mandata
867 3266 1035 3337 exsecuto,
1063 3256 1249 3341 priusquam
1274 3275 1371 3316 causa
1393 3251 1433 3316 de

252 3356 385 3419 dearum
408 3355 649 3442 pulchritudine
670 3359 811 3422 iudicata
828 3370 923 3440 esset,
946 3360 1054 3422 statim
1070 3380 1140 3422 sese
1157 3380 1195 3420 ac
1212 3357 1289 3421 deas
1305 3355 1433 3420 relictos

251 3481 320 3522 esse
343 3459 434 3523 Paris
456 3460 604 3526 Helenae
628 3463 728 3527 refert
750 3462 836 3548 apud
853 3461 1006 3526 Ovidium
1030 3485 1060 3526 v.
1086 3465 1142 3545 723
1165 3461 1316 3546 idemque
1339 3458 1433 3542 fingit

250 3563 422 3645 Lucianus,
446 3565 532 3650 apud
552 3589 647 3651 quem
663 3565 853 3647 Mercurius,
877 3566 934 3630 ubi
948 3575 1110 3651 pastorem
1126 3564 1167 3627 de
1183 3563 1323 3648 negotio,
1347 3560 1432 3647 quod

250 3666 374 3751 Iupiter
408 3667 438 3730 ei
471 3667 640 3750 detulerit,
676 3669 847 3734 certiorem
880 3668 973 3751 fecit,
1008 3666 1090 3731 haec
1124 3668 1215 3732 addit
1249 3670 1281 3748 (ξ
1312 3669 1360 3747 9):
1396 3662 1432 3732 σὺ

251 3827 409 3834 —--——---
434 3829 454 3834 .-

335 3926 356 3995 1)
376 3926 414 3980 Ol.
434 3929 557 3983 Welcker
575 3931 602 3982 in
620 3928 718 3983 Annali
737 3929 797 3984 dell'
816 3929 938 3982 instituto
957 3928 1069 3982 archeol.
1089 3927 1140 3982 vol.
1158 3925 1238 3981 XVII
1255 3943 1282 3995 p.
1302 3926 1359 3980 145.

334 4014 355 4081 2)
373 4031 398 4082 p.
412 4016 456 4067 15:
477 4013 613 4068 ‘Vollends
631 4015 859 4082 durchsohlagend
871 4016 907 4068 ist
920 4015 1025 4068 endlich
1037 4014 1085 4067 das
1097 4012 1197 4068 Fehlen
1211 4012 1258 4066 des
1272 4011 1429 4081 Erisapfels:

249 4116 278 4154 so
295 4101 388 4168 gewiss
407 4117 436 4154 er
454 4101 502 4154 der
519 4101 590 4154 alten
608 4101 668 4154 Zeit
686 4101 770 4155 fremd
789 4101 837 4165 ist,
863 4115 891 4154 so
910 4101 1054 4154 verbreitet
1073 4100 1107 4153 ist
1126 4099 1199 4152 erin
1217 4097 1266 4153 der
1284 4098 1430 4152 romischen

250 4185 364 4256 llpoche.
395 4187 433 4240 Er
450 4187 606 4240 behorrscht
624 4185 677 4239 fast
695 4187 738 4240 die
756 4191 875 4253 gesamte
894 4184 1141 4255 mythographische
1154 4183 1294 4239 Tradition
1306 4185 1332 4236 in
1344 4181 1429 4237 Litte-

248 4280 323 4326 ratur
347 4273 400 4326 und
423 4273 518 4326 Knnst.
553 4270 643 4325 Dass
667 4274 726 4326 ihn
752 4288 855 4325 unser
881 4272 1028 4328 Dichter
1053 4272 1150 4323 nicht
1174 4271 1296 4334 konnt,
1324 4270 1369 4322 ist
1395 4270 1428 4322 in

249 4359 308 4412 der
326 4360 414 4412 That
433 4357 648 4416 beneisend'.
