3214 4854
678 361 722 368 -„
765 327 893 390 37..

323 493 397 582 πρός
422 493 449 561 σ’
473 491 575 580 αὐτῆς
590 489 761 580 Ἑκάτης
784 498 984 581 μειλίσσομαι
1006 493 1063 581 ἠδὲ
1086 493 1228 581 τοκήων

323 599 380 666 καί
404 595 483 677 Διός,
506 593 542 675 ὃς
566 599 677 678 ξείνοις
700 601 825 687 ἱκέτῃσί
847 625 883 665 τε
905 596 981 685 χεῖρ’
1004 593 1171 686 ὑπερίσχει.

322 699 501 788 ἀμφότερον
525 698 552 767 δ’
576 703 687 789 ίκέτης
710 698 809 782 ξεῖνός
831 704 869 768 τέ
889 726 938 768 τοι
962 699 1070 770 aaut&
1094 698 1203 778 ἱκάνω,

320 816 418 894 χρειοῖ
441 802 602 894 ἀναγκαίῃ
627 802 840 889 γουνούμενος.
866 801 900 872 οὗ
924 802 985 891 γὰρ
1008 801 1142 872 tressa

235 941 237 944 ·
321 904 435 994 ὑμείων
460 905 642 986 στονόεντος
665 903 834 995 ὑπέρτερος
856 903 963 992 ἔσσομ’
987 903 1116 988 tutos,

192 1068 327 1134 quorum
358 1067 510 1110 versuum
540 1053 760 1108 extremorum
790 1043 940 1130 exemplo
969 1043 1079 1108 nescio
1106 1065 1147 1108 an
1171 1067 1229 1110 eae
1252 1068 1379 1132 quoque

193 1149 375 1213 debeantur
405 1147 601 1228 sententiae,
640 1169 719 1234 quas
750 1147 836 1234 apud
867 1146 1021 1212 Ovidium
1050 1145 1146 1212 Iason
1173 1149 1277 1234 prime
1306 1148 1377 1214 loco

192 1252 361 1339 profitetur
384 1252 429 1339 (v.
454 1252 605 1332 73-75).

278 1355 343 1419 Hie
373 1365 482 1420 autem
509 1355 542 1417 in
564 1354 687 1419 Iasonis
714 1375 862 1418 sermone
884 1353 1094 1418 incidendum
1117 1353 1210 1419 nobis
1232 1355 1377 1422 videtur:

192 1483 266 1522 nam
289 1461 375 1523 inter
398 1480 465 1541 eos,
496 1480 575 1544 quos
598 1455 707 1522 adhuc
729 1457 938 1521 tractavimus
961 1457 1006 1543 (v.
1031 1457 1186 1544 73-82),
1211 1469 1243 1522 et
1266 1483 1379 1524 versus

192 1549 347 1628 sermonis
370 1571 542 1648 sequentes
564 1561 725 1648 interponi
749 1558 957 1645 cogitandum
981 1570 1039 1643 est,
1062 1583 1145 1647 quae
1160 1560 1313 1627 Medeam
1331 1562 1380 1628 illi

193 1665 313 1732 dixisse
337 1665 475 1730 Ovidius
497 1667 530 1730 in
553 1675 683 1730 metam.
707 1674 817 1729 narrat
838 1688 869 1728 v.
893 1670 932 1734 91
957 1687 1042 1750 sqq:

690 1802 840 1867 ‘lacrimis
863 1803 908 1865 ait
928 1800 985 1866 illa
1006 1801 1158 1888 prolusis:

347 1908 425 1994 quid
447 1908 574 1990 faciam,
597 1907 704 1991 vides3
727 1929 789 1971 nec
811 1928 863 1969 me
886 1905 1067 1990 ignorantia
1090 1908 1159 1970 veri

348 2011 501 2097 decipiet,
524 2011 582 2076 scd
605 2033 709 2076 amor:
733 2009 908 2074 servabere
931 2031 1065 2074 munere
1088 2020 1210 2095 nostr03

346 2125 493 2180 servatus
514 2115 670 2202 promissa
693 2112 793 2197 dato'3

192 2256 335 2340 itemque
351 2253 542 2341 Apollonius
564 2252 706 2339 puellam
722 2253 829 2316 omnia
844 2252 1012 2339 permultis
1028 2275 1101 2316 cum
1117 2251 1258 2316 lacrimis
1275 2253 1379 2338 dispu-

193 2368 315 2422 tantem
344 2357 422 2421 facit
451 2357 506 2440 (cf.
530 2380 561 2421 v.
587 2360 679 2426 1064.
705 2356 816 2443 1118),
847 2379 1041 2442 quamquam
1064 2357 1133 2442 ipsa
1155 2378 1237 2442 quae
1261 2355 1380 2420 Medea

195 2461 301 2526 Iasoni
324 2461 507 2547 respondet,
532 2459 632 2525 multo
652 2459 785 2524 uberius
799 2461 1004 2546 persequitur
1019 2459 1148 2542 Ovidis,
1173 2461 1227 2546 qui
1242 2459 1380 2524 Medeae

194 2587 337 2629 amorem
361 2564 522 2650 animique
546 2563 682 2629 affectus
705 2561 758 2628 hic
775 2564 907 2628 minime
923 2573 1012 2628 tanta
1027 2573 1097 2627 arte
1113 2564 1247 2649 exponit
1262 2573 1382 2648 quanta

193 2678 290 2755 poeta
313 2690 450 2753 graecus
474 2668 528 2754 (cf.
552 2691 583 2731 v.
610 2671 822 2736 roos-1145
844 2667 987 2753 passim).

281 2771 365 2836 Tum
394 2772 489 2835 Iason
518 2769 658 2835 Medeae
692 2792 781 2856 spem
812 2770 906 2834 affert
935 2770 1077 2854 coniugii
1105 2769 1205 2834 futuri
1234 2793 1283 2856 ep.
1314 2769 1382 2832 XII

195 2881 236 2945 83
259 2899 343 2962 sqq:

282 3013 380 3100 ,quod
403 3014 429 3077 si
451 3013 534 3077 forte
556 3013 662 3077 virum
685 3034 750 3075 non
773 3011 952 3095 dedignare
974 3010 1146 3096 Pelasgum
1169 3051 1211 3058 —

350 3117 409 3181 sed
431 3115 512 3181 mihi
534 3127 601 3180 tam
623 3114 736 3180 faciles
757 3113 846 3178 unde
870 3137 1021 3200 meosque
1046 3114 1148 3180 deos?
1170 3155 1212 3164 —

282 3221 551 3308 spiritus'ante
574 3241 694 3284 meum
719 3229 854 3283 tenues
877 3227 1062 3283 vanescat
1084 3219 1122 3283 in
1144 3240 1269 3302 auras,

349 3346 445 3413 quam
468 3321 610 3388 thalamo
633 3323 695 3387 nisi
717 3333 761 3406 tu,
785 3331 885 3408 nupta
907 3322 948 3386 sit
970 3322 1036 3387 ulla
1058 3323 1150 3405 med,

195 3428 430 3516 (promisitque
452 3428 567 3492 torum'
590 3426 781 3491 brevissime
804 3435 881 3490 met.
905 3449 935 3490 v.
959 3426 1025 3512 91).

196 3565 289 3646 Quae
313 3576 425 3653 aperte
449 3565 593 3630 delibata
612 3567 689 3629 'sunt
714 3587 757 3628 ex
779 3564 842 3650 Ap.
865 3588 896 3628 v.
923 3567 1005 3632 1128
1028 3586 1111 3650 sqq:

281 3683 436 3775 ἡμέτερον
460 3690 494 3755 δέ
518 3691 609 3775 λέχος
631 3685 796 3773 λαλαμοις
820 3690 862 3753 ἔνι
885 3688 1082 3772 κουριδίοισιν

282 3795 476 3880 πορσυνέεις·
500 3790 534 3861 οὐ
559 3791 585 3858 δ’
609 3787 698 3876 ἄμμε
723 3793 891 3876 διακρινέει
914 3786 1085 3877 φιλότητος

282 3891 369 3974 ἄλλο,
394 3892 513 3982 πάρος
534 3890 703 3962 ςὶιοίνοιτόν
726 3919 766 3977 γε
791 3896 1024 3980 μεμορμένον
1049 3889 1337 3978 ἀμφικαλύψαι,

195 4053 278 4118 quae
307 4031 463 4118 promissa
492 4039 528 4094 ut
557 4030 718 4118 perficiat,
750 4029 846 4093 Iason
874 4028 1081 4093 iureiurando
1113 4050 1152 4092 ac
1179 4027 1244 4093 fide
1272 4052 1306 4093 se
1330 4030 1384 4095 ob-

194 4135 324 4219 stringit
346 4134 433 4221 apud
455 4135 618 4199 Nasonem
640 4134 788 4220 proximo
812 4131 951 4197 disticho
975 4157 1005 4197 v.
1030 4137 1069 4202 87
1094 4155 1154 4218 sq:
1201 4177 1203 4181 ι

351 4273 491 4338 ‘conscia
514 4273 554 4337 sit
576 4272 668 4337 Iuno
692 4272 812 4336 sacris
835 4270 1037 4356 praefecta
1059 4270 1206 4334 maritis

405 4386 438 4442 et
459 4376 532 4460 dea,
556 4396 737 4440 marmorea
760 4375 851 4438 cuius
873 4374 907 4438 in
930 4372 1012 4438 aede
1035 4374 1163 4455 sumus,
