3242 4860
698 321 913 386 ..76„

214 487 314 550 lilium
329 487 525 552 transtulisse
533 493 555 566 ¹)
569 488 714 572 Wagner
726 499 815 554 recto
828 490 1056 555 animadvortit
1069 495 1146 553 ‘cun
1159 487 1271 573 myth)
1283 511 1313 574 p.
1326 493 1397 556 174.
1433 491 1438 501 ¹

216 589 1399 678 Mmmmwfflmmmmmfflmmmm

215 694 398 778 praeiverit.
433 693 529 774 Quod
551 703 587 757 ut
609 697 818 782 suspicemur,
842 696 904 761 hac
927 697 1050 760 ratione
1066 693 1272 760 adducimur:
1296 695 1398 762 solum

214 795 364 860 Pherecli
386 820 504 861 nomen
527 795 702 862 exhibetur
723 800 757 863 in
778 799 967 887 Apollodori
990 799 1137 885 epitomis
1159 810 1225 864 tam
1239 799 1400 864 Vaticana

215 905 298 986 (cap.
311 900 358 963 XI
369 905 400 979 2)
418 923 513 986 quarn
525 901 714 966 Sabbaitica
729 903 775 986 (in
786 904 869 968 Mus.
881 903 986 968 Rhen.
1003 902 1065 968 vol.
1079 902 1185 966 XLVI
1196 925 1227 988 p.
1242 908 1313 984 166,
1326 907 1397 985 25);

213 1025 350 1088 quarum
374 1003 475 1068 altera
498 1026 571 1068 curn
595 1003 636 1068 ab
660 1004 763 1070 altera
784 1029 850 1071 non
870 1006 1023 1092 pendeat,
1046 1004 1104 1070 sed
1119 1015 1257 1091 utraque
1273 1028 1331 1069 sua
1345 1007 1400 1069 via

215 1130 257 1170 ex
286 1106 475 1192 Apollodori
508 1107 709 1172 bibliotheca
740 1109 887 1194 profecta
916 1111 972 1192 sit,
1007 1110 1104 1174 etiam
1134 1108 1176 1173 ab
1202 1108 1399 1194 Apollodoro

214 1209 409 1274 Phereclum
439 1219 563 1276 tantum
592 1211 759 1276 laudatum
787 1212 884 1277 fuisse
907 1213 972 1276 iam
994 1213 1064 1276 veri
1087 1211 1284 1277 simillimum
1307 1213 1399 1295 estll

215 1313 281 1376 sed
314 1315 341 1377 si
369 1313 564 1378 Phereclum
593 1314 795 1380 vindicamus
823 1314 1036 1401 Apollodoro,
1072 1317 1126 1400 qui
1156 1307 1228 1379 earn
1256 1315 1398 1379 fabulam

215 1426 313 1480 totam
342 1418 411 1480 fere
441 1441 459 1482 e
489 1418 616 1503 Cypriis
645 1428 808 1482 mutuatus
837 1428 901 1498 est,
932 1418 1072 1483 eundem
1101 1443 1165 1484 non
1194 1419 1263 1483 sine
1292 1441 1399 1500 causa,

148 1593 150 1597 ¹
216 1521 1400 1606 mmmefflfflmmmmmmffimmmfflhffl

215 1629 364 1707 potesse,
387 1624 464 1710 ipsis
487 1646 614 1710 quoque
631 1624 759 1711 Cypriis
781 1625 960 1707 tribuimus,
984 1627 1045 1690 nisi
1067 1626 1159 1707 forte,
1184 1624 1270 1710 quod
1285 1624 1400 1688 melius

215 1726 344 1811 probari
368 1737 456 1792 certe
472 1729 594 1814 nequit,
618 1727 850 1816 Apollodorum
867 1728 951 1793 illius
965 1752 1083 1793 nomen
1100 1752 1142 1793 ex
1157 1727 1400 1793 hellenistarum

215 1832 371 1915 poematis
403 1832 540 1918 petitum
573 1833 749 1896 narrationi
783 1855 860 1896 suae
895 1842 1017 1897 temere
1048 1832 1214 1896 intrusisse
1245 1840 1300 1895 tuo
1329 1831 1400 1894 iure

217 1932 331 1997 credis.
369 1933 483 2019 Itaque
499 1935 641 2000 Colluthi
665 1944 829 2000 auctorem
845 1935 879 1998 id
895 1958 912 1998 e
930 1934 1057 2021 Cypriis
1073 1934 1216 1998 hausisse
1231 1933 1401 2020 probabile

215 2036 355 2100 videtur.
388 2036 524 2101 Praeter
547 2061 622 2103 eum
646 2049 754 2102 autem
770 2039 908 2103 eandem
923 2037 1054 2104 fabulae
1068 2038 1251 2102 versionem
1267 2038 1402 2122 arripuit

218 2148 250 2201 et
271 2139 445 2224 Lycophro
468 2139 564 2204 Alex.
581 2148 638 2210 97:
663 2142 805 2230 τράμπος
828 2141 854 2210 o'
878 2141 985 2232 ὀχήοει
1007 2143 1063 2211 καὶ
1088 2146 1271 2228 Φερέκλειοι
1294 2140 1400 2220 πόδες,

218 2241 333 2326 quibus
355 2243 465 2308 verbis
488 2243 594 2308 citatis
616 2244 790 2310 scholiasta
804 2245 846 2310 ad
861 2245 999 2310 Nicand.
1016 2244 1098 2308 ther.
1115 2248 1178 2313 268
1193 2243 1278 2308 haec
1293 2242 1400 2306 addit:

217 2342 277 2413 ὑπὸ
301 2344 362 2433 γὰρ
384 2352 440 2416 τοῦ
464 2353 622 2435 Φερέκλου
647 2347 956 2439 κατεσκευάοῢηοαν
982 2352 1015 2417 αἱ
1036 2351 1110 2434 νῆες
1124 2352 1169 2439 τῷ
1191 2346 1400 2439 Ἀλεξάνδρῳ,

219 2459 252 2512 et
268 2447 512 2535 Tryphiodorus
527 2474 558 2514 v.
575 2454 617 2518 60
632 2472 693 2536 sq.:
719 2457 880 2538 Φέρεκλος
901 2457 981 2540 νῆας
1000 2448 1196 2542 Ἀλεξάνδρῳ
1213 2448 1402 2536 τεκτήνατο,

217 2552 368 2640 πήματος
391 2552 498 2642 ἀρχήν.

304 2655 493 2742 Complures
516 2667 623 2722 autem
646 2681 746 2723 naves
762 2657 951 2724 aedificatas
968 2681 1037 2722 esse
1053 2680 1165 2722 omnes
1179 2651 1265 2722 inter
1280 2679 1314 2721 se
1332 2679 1404 2720 oon-

217 2759 359 2823 seutiunt
375 2759 428 2837 (cf,
444 2760 560 2842 Proui,
584 2761 724 2826 Colluth.
740 2786 771 2826 v.
791 2769 862 2832 199.
879 2767 951 2830 201.
969 2761 1123 2833 311100.
1139 2761 1160 2824 l.
1176 2760 1221 2839 1.).
1260 2761 1406 2840 Quarum

218 2863 1406 2950 mstffifflmmmwmmmesswffiwmmme

218 2967 357 3030 eundem
373 2966 536 3033 Nasonem
555 2970 644 3054 picta
660 2979 739 3033 erat.
775 2967 870 3048 Quod
886 2968 996 3032 lumen
1012 2977 1120 3032 utrum
1135 2967 1275 3032 Ovidius
1290 2976 1406 3052 poetae

219 3092 336 3153 graeco
361 3069 480 3136 debeat
502 3095 543 3135 an
566 3073 634 3159 ipse
650 3071 821 3153 invenerit,
846 3071 988 3135 dubitari
1004 3093 1080 3135 sane
1096 3075 1248 3156 potest.⁴)
1281 3070 1407 3134 Morem

307 3261 326 3329 ¹)
344 3261 376 3314 ln
401 3263 512 3316 cundem
538 3280 653 3317 errorem
678 3262 772 3316 incidit
796 3263 941 3316 scholiasta
963 3262 997 3314 ad
1021 3263 1097 3316 1362:
1122 3261 1169 3315 καὶ
1189 3251 1232 3314 dit
1251 3259 1408 3329 ἀμφίβολον

219 3348 338 3414 πότερον
357 3343 371 3400 ὁ
390 3347 522 3414 Φέρεκλος
542 3348 621 3416 ἔπηξε
640 3346 688 3410 τὰς
706 3350 775 3410 ναῦς
794 3341 810 3415 ἢ
832 3343 845 3401 ὁ
871 3343 1043 3415 Ἁρμονίδης,
1063 3347 1105 3414 ἐφ’
1125 3343 1144 3400 d
1164 3347 1211 3400 καὶ
1237 3345 1408 3413 Ἀρίσταρχος

219 3431 334 3499 φέρεται
353 3434 396 3501 (cf.
416 3434 608 3488 Friedlaender
627 3435 769 3488 Aristonis.
787 3451 814 3502 p.
835 3433 903 3502 104).
1135 3437 1138 3442 “

305 3518 414 3583 21Ν11111
434 3520 618 3588 Apollodorus,
639 3526 668 3573 ut
686 3521 799 3574 Tzetzes
818 3520 851 3574 ad
871 3519 933 3587 hye.
952 3523 994 3586 93,
1014 3525 1152 3586 utramque
1172 3520 1318 3572 versionem
1337 3524 1408 3572 attu-

219 3606 290 3669 lerit,
317 3606 475 3673 epitomator
493 3606 638 3660 Vaticanus
661 3607 771 3660 alteram
791 3606 916 3674 elegerit,
943 3623 990 3659 nos
1010 3605 1111 3660 nescire
1130 3611 1190 3658 ante
1209 3604 1270 3672 fgm.
1290 3603 1409 3658 Sabbait.

219 3693 340 3759 inspecta
362 3693 479 3759 Wagner
498 3693 565 3746 dixit
584 3694 600 3745 l.
620 3694 636 3745 l.
655 3710 683 3760 p.
703 3692 761 3744 174.

306 3776 328 3842 ³)
348 3777 443 3831 ἔπειτα
463 3777 492 3831 di
513 3780 667 3846 Ἀφροδίτης
685 3773 862 3845 ὑποθεμένης
880 3783 1068 3845 ναυπηγεῖται.
1097 3777 1223 3832 Ceterum
1240 3776 1283 3830 sae
1300 3775 1409 3843 nequid

220 3880 252 3916 ex
272 3863 410 3932 Euripide,
430 3866 471 3918 eui
492 3863 648 3933 Cypriorum
667 3864 783 3916 narratio
802 3864 860 3915 usui
880 3863 938 3928 fuit,
957 3864 989 3916 de
1009 3863 1102 3918 eadem
1120 3880 1149 3917 re
1168 3862 1289 3932 colligas:
1310 3863 1408 3915 etenim

220 3949 290 4018 quod
308 3950 432 4004 Paridem
456 3968 549 4005 navem
573 3950 737 4005 exstruxisse
756 3950 819 4001 item
839 3965 869 4003 ae
887 3949 998 4004 Proclus
1017 3950 1083 4003 dicit
1101 3950 1177 4015 (Heu.
1195 3950 1245 4004 631
1265 3966 1320 4017 sqq.
1350 3947 1408 4001 Hel.

219 4039 270 4089 219
283 4037 358 4105 sqq.),
379 4037 406 4089 id
425 4043 453 4090 ut
472 4039 544 4092 illius
565 4037 747 4106 epitomatoris
767 4036 854 4088 studio
873 4037 1021 4102 brevitatis,
1041 4036 1080 4089 sic
1092 4036 1169 4090 huius
1182 4039 1278 4104 poetae
1291 4034 1410 4089 libertati

220 4122 334 4180 libenter
353 4124 490 4178 attribuas.

305 4208 326 4268 4)
346 4209 475 4264 Similiter
493 4211 601 4278 Sappho
620 4208 723 4262 Phaoni
741 4207 899 4275 Cupidinem
918 4209 1040 4262 comitem
1058 4208 1114 4262 fore
1134 4207 1227 4262 scribit
1246 4226 1269 4262 v.
1289 4208 1340 4262 215
1358 4224 1407 4280 sqq

482 4298 548 4366 ‘ipse
566 4295 726 4363 gubernabit
743 4293 862 4347 residens
880 4297 907 4348 in
926 4311 1016 4362 puppe
1035 4293 1147 4362 Cupido,
1338 4295 1340 4298 ’

531 4383 588 4453 ipse
608 4383 681 4437 dubit
701 4389 793 4436 tenera
812 4379 872 4433 vela
890 4381 1013 4448 legetque
1032 4380 1128 4436 manu’.
