3214 4854
731 327 923 388 ..6.-

234 491 341 574 fuerit,
366 493 527 556 evincitur
550 514 592 555 ex
616 515 666 578 ep.
689 492 781 557 VIII.
805 491 865 556 IX.
888 490 944 558 XI.
961 480 1052 556 XIV.
1069 501 1102 556 et
1116 491 1171 558 IV.
1187 491 1264 556 XII.
1281 491 1418 577 XIII.¹);
1478 565 1480 570 ,

235 594 375 681 denique
412 594 728 676 Alexandrinorum,
774 596 916 659 maxime
955 594 1147 659 Callimachi
1191 605 1330 659 sectator
1366 593 1420 660 de-

234 697 448 782 prehenditur
469 699 504 761 in
526 720 577 784 ep.
600 697 640 762 V.
665 707 698 761 et
719 697 762 762 Π.
785 697 902 763 XVIII
924 722 969 785 sq.
991 697 1059 761 XX
1082 701 1164 783 sq.2)

321 799 416 880 Quod
446 825 520 865 cum
542 804 587 865 ita
609 801 665 881 sit,
696 823 814 888 operae
836 803 949 887 putavi
971 802 1111 888 pretium
1134 823 1204 864 esse
1226 800 1419 883 fabularum,

234 925 317 990 quae
345 903 390 968 (16
418 905 730 990 Argonautarum
757 904 899 968 itinere
929 925 1078 992 quaeque
1102 903 1149 968 de
1174 903 1303 968 causis
1325 903 1419 968 belli

234 1008 374 1071 troiani
402 1009 471 1073 sive
503 1007 544 1072 de
571 1007 697 1072 Paridis
724 1007 937 1094 Helenaeque
965 1007 1140 1072 amoribusv
1156 1008 1198 1073 ab
1222 1006 1341 1072 Ovidio
1365 1030 1420 1071 ex-

233 1110 402 1196 plicantur,
425 1111 529 1176 fontes
551 1110 739 1199 perquirere
764 1121 796 1175 et
819 1110 977 1198 quidquid
999 1133 1056 1196 pro
1080 1109 1165 1175 virili
1182 1120 1280 1196 'parte
1304 1133 1419 1175 eruere

159 1224 161 1234 '
233 1215 332 1298 potui,
354 1235 544 1300 proponere.

320 1316 386 1382 Sed
409 1328 444 1382 ut
465 1318 499 1382 in
520 1317 653 1402 singulis
669 1317 796 1399 fabulis,
820 1339 904 1405 quae
920 1319 1011 1404 quasi
1028 1315 1196 1397 ὑποὲῑέσεις
1212 1316 1420 1404 epistularum

234 1429 316 1502 sunt,
341 1420 556 1506 excerpendis
579 1430 612 1485 61
633 1420 866 1507 perlustrandis
889 1420 1085 1503 discrimina,
1109 1443 1192 1508 quae
1209 1422 1293 1484 inter
1309 1420 1420 1485 Ovidii

234 1525 367 1610 eiusque
396 1534 563 1589 auctorum
592 1524 751 1588 rationem
777 1525 998 1608 intercedunt,
1012 1519 1014 1524 ’
1029 1533 1119 1588 recte
1141 1525 1364 1608 intelligantur
1387 1534 1420 1588 et

234 1627 433 1709 iudicentur,
466 1649 594 1714 semper
618 1626 834 1713 reputandum
862 1637 910 1692 est
941 1627 1092 1714 epistulas
1122 1651 1192 1694 6666
1223 1628 1420 1693 suasorias

236 1730 343 1794 colore
367 1731 530 1796 rhetorico
553 1740 635 1796 totas
659 1731 808 1796 imbutas.

251 1940 254 1945 ·
319 1920 340 1988 ¹)
359 1920 398 1974 af.
411 1921 470 1974 Birt
488 1922 515 1974 in
533 1921 602 1974 Mus.
616 1922 700 1978 Rhen.
715 1922 764 1975 vol.
779 1920 888 1976 XXXII
905 1939 931 1990 p.
944 1923 996 1978 400
1005 1937 1060 1990 sqq.
1087 1923 1243 1976 Kalkmarrn
1262 1922 1303 1976 ‘de
1315 1923 1418 1990 Hippe-

227 2007 296 2074 lytis
316 2003 467 2074 llaripideis
486 2008 654 2074 quaestiones
672 2009 763 2062 novae'
784 2009 859 2061 1882.
890 2009 1021 2062 Tolkiehn
1039 2026 1065 2077 p.
1079 2010 1176 2077 69sqq.
1204 2008 1331 2062 Welcker
1344 2008 1418 2061 ‘Tra-

150 2095 154 2102 ’
233 2093 309 2160 good.
328 2093 424 2160 graec!
442 2109 469 2160 p.
481 2091 533 2146 495
543 2109 599 2161 sqq.
636 2094 729 2160 Meyer
745 2094 772 2147 in
792 2094 907 2148 Hermae
926 2095 975 2148 vol.
988 2093 1040 2146 XX
1059 2112 1084 2162 p.
1098 2096 1147 2147 101
1158 2111 1213 2162 sqq.

320 2175 341 2247 2)
369 2175 408 2234 cf.
435 2177 547 2232 Knaack
575 2179 709 2234 ‘analecta
735 2180 1058 2246 alexandrino-romana,
1087 2179 1149 2234 diss.
1177 2179 1323 2248 Gryphisw.
1353 2181 1421 2234 1880

234 2282 260 2332 p.
278 2265 312 2317 80
321 2279 375 2331 sqq.
412 2263 537 2317 Wulffius
560 2264 602 2318 ‘de
625 2266 732 2334 quintae
755 2265 871 2319 heroidis
890 2264 1036 2320 Ouidianac
1054 2266 1179 2320 l'ontibus'
1198 2267 1225 2320 in
1243 2265 1354 2320 Journal
1372 2266 1419 2320 (166

233 2351 382 2403 kaie-ress.
401 2350 592 2404 Ministariurns
610 2350 657 2404 der
674 2349 921 2418 Volksaufkl'arung
940 2351 1007 2404 1801
1025 2352 1089 2406 fasc.
1105 2350 1147 2404 ΙΙΙ
1165 2369 1191 2420 p.
1205 2353 1218 2404 1
1230 2367 1284 2420 sqq.
1315 2351 1420 2406 Klemm

235 2435 275 2489 ‘de
298 2435 404 2489 fabulae
427 2451 494 2503 quae
517 2441 557 2489 est
579 2437 612 2490 de
631 2435 718 2490 Herus
740 2443 767 2490 et
784 2435 901 2490 Leandri
924 2438 1057 2492 amoribus
1075 2441 1148 2494 toute
1167 2445 1194 2492 et
1211 2438 1337 2502 auctore,
1356 2438 1420 2492 diss.

233 2519 307 2588 Lips.
327 2522 401 2577 1880.
438 2521 547 2590 Dilthey
567 2521 608 2575 ‘de
628 2520 783 2576 Callimachi
802 2521 937 2591 Cydippa’.
