<?xml version="1.0" encoding="UTF-8"?>
<!DOCTYPE html PUBLIC "-//W3C//DTD XHTML 1.0 Transitional//EN"
    "http://www.w3.org/TR/xhtml1/DTD/xhtml1-transitional.dtd">
<html xmlns="http://www.w3.org/1999/xhtml" xml:lang="en" lang="en">
 <head>
  <title>
</title>
<meta http-equiv="Content-Type" content="text/html;charset=utf-8" />
  <meta name='ocr-system' content='tesseract 3.04.00' />
  <meta name='ocr-capabilities' content='ocr_page ocr_carea ocr_par ocr_line ocrx_word'/>
</head>
<body>
  <div class='ocr_page' id='page_1' title='image "./analectaovidian00zlgoog_0022.png"; bbox 0 0 3214 4854; ppageno 0'>
   <div class='ocr_carea' id='block_1_1' title="bbox 666 325 872 387">
    <p class='ocr_par' dir='ltr' id='par_1_1' title="bbox 666 325 872 387">
     <span class='ocr_line' id='line_1_1' title="bbox 666 325 872 387; baseline -0.01 -19"><span class='ocrx_word' id='word_1_1' title='bbox 666 325 872 387; x_wconf 56' lang='lat' dir='ltr'>&#39;‘ll“</span> 
     </span>
    </p>
   </div>
   <div class='ocr_carea' id='block_1_2' title="bbox 70 467 1357 682">
    <p class='ocr_par' dir='ltr' id='par_1_2' title="bbox 70 467 1357 682">
     <span class='ocr_line' id='line_1_2' title="bbox 70 467 1357 578; baseline 0.002 -26"><span class='ocrx_word' id='word_1_2' title='bbox 70 548 72 552; x_wconf 83' lang='lat'>.</span> <span class='ocrx_word' id='word_1_3' title='bbox 168 493 222 558; x_wconf 80' lang='lat' dir='ltr'>Ex</span> <span class='ocrx_word' id='word_1_4' title='bbox 236 467 299 556; x_wconf 50' lang='lat' dir='ltr'>&#39;his</span> <span class='ocrx_word' id='word_1_5' title='bbox 329 493 438 558; x_wconf 86' lang='lat' dir='ltr'>verbis</span> <span class='ocrx_word' id='word_1_6' title='bbox 465 511 612 556; x_wconf 87' lang='lat' dir='ltr'>necnon</span> <span class='ocrx_word' id='word_1_7' title='bbox 636 491 711 556; x_wconf 90' lang='lat' dir='ltr'>inde</span> <span class='ocrx_word' id='word_1_8' title='bbox 718 543 732 573; x_wconf 91' lang='lat'>,.</span> <span class='ocrx_word' id='word_1_9' title='bbox 758 493 845 578; x_wconf 90' lang='lat' dir='ltr'>quod</span> <span class='ocrx_word' id='word_1_10' title='bbox 866 515 897 554; x_wconf 82' lang='grc' dir='ltr'>ν.</span> <span class='ocrx_word' id='word_1_11' title='bbox 921 497 941 560; x_wconf 79' lang='lat'>5</span> <span class='ocrx_word' id='word_1_12' title='bbox 964 513 1065 574; x_wconf 82' lang='lat' dir='ltr'>regna</span> <span class='ocrx_word' id='word_1_13' title='bbox 1087 491 1224 576; x_wconf 83' lang='lat' dir='ltr'>Lemnia</span> <span class='ocrx_word' id='word_1_14' title='bbox 1250 493 1357 558; x_wconf 85' lang='lat' dir='ltr'>Iasoni</span> 
     </span>
     <span class='ocr_line' id='line_1_3' title="bbox 168 591 1357 682; baseline -0.003 -21"><span class='ocrx_word' id='word_1_15' title='bbox 168 606 266 682; x_wconf 88' lang='lat' dir='ltr'>pacta</span> <span class='ocrx_word' id='word_1_16' title='bbox 298 591 462 677; x_wconf 82' lang='lat' dir='ltr'>dicuntur,</span> <span class='ocrx_word' id='word_1_17' title='bbox 493 606 628 682; x_wconf 89' lang='lat' dir='ltr'>apparet</span> <span class='ocrx_word' id='word_1_18' title='bbox 657 595 736 680; x_wconf 80' lang='lat' dir='ltr'>fingi</span> <span class='ocrx_word' id='word_1_19' title='bbox 759 593 974 676; x_wconf 87' lang='lat' dir='ltr'>Aesonidam,</span> <span class='ocrx_word' id='word_1_20' title='bbox 1004 593 1061 657; x_wconf 91' lang='lat' dir='ltr'>ubi</span> <span class='ocrx_word' id='word_1_21' title='bbox 1082 594 1171 658; x_wconf 90' lang='lat' dir='ltr'>illam</span> <span class='ocrx_word' id='word_1_22' title='bbox 1194 597 1227 659; x_wconf 89' lang='lat' dir='ltr'>in</span> <span class='ocrx_word' id='word_1_23' title='bbox 1250 596 1357 660; x_wconf 89' lang='lat' dir='ltr'>matri-</span> 
     </span>
    </p>
   </div>
   <div class='ocr_carea' id='block_1_3' title="bbox 54 697 1357 784">
    <p class='ocr_par' dir='ltr' id='par_1_3' title="bbox 54 697 1357 784">
     <span class='ocr_line' id='line_1_4' title="bbox 54 697 1357 784; baseline 0.003 -26"><span class='ocrx_word' id='word_1_24' title='bbox 54 747 58 758; x_wconf 94' lang='lat'>.</span> <span class='ocrx_word' id='word_1_25' title='bbox 169 701 313 764; x_wconf 91' lang='lat' dir='ltr'>monium</span> <span class='ocrx_word' id='word_1_26' title='bbox 349 700 458 782; x_wconf 83' lang='lat' dir='ltr'>duxit,</span> <span class='ocrx_word' id='word_1_27' title='bbox 492 699 527 764; x_wconf 91' lang='lat' dir='ltr'>in</span> <span class='ocrx_word' id='word_1_28' title='bbox 555 700 788 784; x_wconf 89' lang='lat' dir='ltr'>possessionem</span> <span class='ocrx_word' id='word_1_29' title='bbox 818 697 941 762; x_wconf 90' lang='lat' dir='ltr'>insulae</span> <span class='ocrx_word' id='word_1_30' title='bbox 972 698 1115 762; x_wconf 91' lang='lat' dir='ltr'>nondum</span> <span class='ocrx_word' id='word_1_31' title='bbox 1144 701 1271 764; x_wconf 91' lang='lat' dir='ltr'>venisse</span> <span class='ocrx_word' id='word_1_32' title='bbox 1299 699 1357 765; x_wconf 84' lang='lat' dir='ltr'>sed</span> 
     </span>
    </p>
   </div>
   <div class='ocr_carea' id='block_1_4' title="bbox 146 801 1357 992">
    <p class='ocr_par' dir='ltr' id='par_1_4' title="bbox 146 801 1357 992">
     <span class='ocr_line' id='line_1_5' title="bbox 146 801 1357 889; baseline -0.002 -21"><span class='ocrx_word' id='word_1_33' title='bbox 146 831 148 836; x_wconf 67' lang='grc'>’</span> <span class='ocrx_word' id='word_1_34' title='bbox 173 805 313 885; x_wconf 88' lang='lat' dir='ltr'>demum,</span> <span class='ocrx_word' id='word_1_35' title='bbox 337 802 595 889; x_wconf 82' lang='lat' dir='ltr'>simulatquead</span> <span class='ocrx_word' id='word_1_36' title='bbox 617 804 765 887; x_wconf 79' lang='lat' dir='ltr'>reginam</span> <span class='ocrx_word' id='word_1_37' title='bbox 780 801 923 883; x_wconf 87' lang='lat' dir='ltr'>redierit,</span> <span class='ocrx_word' id='word_1_38' title='bbox 947 810 1121 866; x_wconf 82' lang='lat' dir='ltr'>venturum</span> <span class='ocrx_word' id='word_1_39' title='bbox 1137 825 1217 866; x_wconf 90' lang='lat' dir='ltr'>esse.</span> <span class='ocrx_word' id='word_1_40' title='bbox 1253 802 1357 867; x_wconf 85' lang='lat' dir='ltr'>Offert</span> 
     </span>
     <span class='ocr_line' id='line_1_6' title="bbox 171 897 1357 992; baseline 0 -22"><span class='ocrx_word' id='word_1_41' title='bbox 171 917 280 974; x_wconf 89' lang='lat' dir='ltr'>autem</span> <span class='ocrx_word' id='word_1_42' title='bbox 307 897 394 972; x_wconf 91' lang='lat' dir='ltr'>illam</span> <span class='ocrx_word' id='word_1_43' title='bbox 423 907 533 970; x_wconf 89' lang='lat' dir='ltr'>dotem</span> <span class='ocrx_word' id='word_1_44' title='bbox 556 907 587 969; x_wconf 91' lang='lat' dir='ltr'>ei</span> <span class='ocrx_word' id='word_1_45' title='bbox 609 905 792 992; x_wconf 83' lang='lat' dir='ltr'><strong>Hypsipyle</strong></span> <span class='ocrx_word' id='word_1_46' title='bbox 817 906 914 969; x_wconf 91' lang='lat' dir='ltr'>etiam</span> <span class='ocrx_word' id='word_1_47' title='bbox 938 904 1024 990; x_wconf 93' lang='lat' dir='ltr'>apud</span> <span class='ocrx_word' id='word_1_48' title='bbox 1046 903 1267 991; x_wconf 90' lang='lat' dir='ltr'>Apollonium,</span> <span class='ocrx_word' id='word_1_49' title='bbox 1295 930 1357 970; x_wconf 90' lang='lat' dir='ltr'>nec</span> 
     </span>
    </p>
   </div>
   <div class='ocr_carea' id='block_1_5' title="bbox 143 1010 1358 1097">
    <p class='ocr_par' dir='ltr' id='par_1_5' title="bbox 143 1010 1358 1097">
     <span class='ocr_line' id='line_1_7' title="bbox 143 1010 1358 1097; baseline 0 -23"><span class='ocrx_word' id='word_1_50' title='bbox 143 1012 146 1019; x_wconf 80' lang='lat'>&#39;</span> <span class='ocrx_word' id='word_1_51' title='bbox 171 1022 281 1075; x_wconf 90' lang='lat' dir='ltr'>tamen</span> <span class='ocrx_word' id='word_1_52' title='bbox 303 1010 441 1097; x_wconf 89' lang='lat' dir='ltr'>perfidia</span> <span class='ocrx_word' id='word_1_53' title='bbox 451 1042 454 1047; x_wconf 91' lang='lat'>·</span> <span class='ocrx_word' id='word_1_54' title='bbox 465 1011 532 1074; x_wconf 88' lang='lat' dir='ltr'>eius</span> <span class='ocrx_word' id='word_1_55' title='bbox 555 1019 728 1095; x_wconf 90' lang='lat' dir='ltr'>perspecta</span> <span class='ocrx_word' id='word_1_56' title='bbox 749 1031 863 1073; x_wconf 88' lang='lat' dir='ltr'>verum</span> <span class='ocrx_word' id='word_1_57' title='bbox 881 1019 1051 1097; x_wconf 83' lang='lat' dir='ltr'><strong>postquam</strong></span> <span class='ocrx_word' id='word_1_58' title='bbox 1066 1011 1169 1094; x_wconf 90' lang='lat' dir='ltr'>primo</span> <span class='ocrx_word' id='word_1_59' title='bbox 1186 1033 1261 1073; x_wconf 91' lang='lat' dir='ltr'>eum</span> <span class='ocrx_word' id='word_1_60' title='bbox 1276 1011 1358 1074; x_wconf 90' lang='lat' dir='ltr'>vidit</span> 
     </span>
    </p>
   </div>
   <div class='ocr_carea' id='block_1_6' title="bbox 50 1110 392 1218">
    <p class='ocr_par' dir='ltr' id='par_1_6' title="bbox 50 1110 392 1218">
     <span class='ocr_line' id='line_1_8' title="bbox 50 1110 392 1218; baseline 0.009 -40"><span class='ocrx_word' id='word_1_61' title='bbox 50 1153 54 1161; x_wconf 87' lang='lat'><strong>·</strong></span> <span class='ocrx_word' id='word_1_62' title='bbox 152 1122 203 1218; x_wconf 64' lang='grc' dir='ltr'>νς</span> <span class='ocrx_word' id='word_1_63' title='bbox 228 1120 289 1184; x_wconf 78' lang='grc'>827</span> <span class='ocrx_word' id='word_1_64' title='bbox 314 1110 392 1200; x_wconf 68' lang='lat' dir='ltr'>sq&#39;q.:</span> 
     </span>
    </p>
   </div>
   <div class='ocr_carea' id='block_1_7' title="bbox 170 1174 1272 2118">
    <p class='ocr_par' dir='ltr' id='par_1_7' title="bbox 301 1174 1237 1686">
     <span class='ocr_line' id='line_1_9' title="bbox 913 1174 1176 1250; baseline -0.015 0"><span class='ocrx_word' id='word_1_65' title='bbox 913 1186 998 1250; x_wconf 77' lang='grc' dir='ltr'>εἶδέ</span> <span class='ocrx_word' id='word_1_66' title='bbox 1021 1211 1074 1250; x_wconf 88' lang='grc' dir='ltr'>κεν</span> <span class='ocrx_word' id='word_1_67' title='bbox 1099 1174 1176 1250; x_wconf 65' lang='lat' dir='ltr'>citi</span> 
     </span>
     <span class='ocr_line' id='line_1_10' title="bbox 301 1276 1173 1373; baseline -0.001 -20"><span class='ocrx_word' id='word_1_68' title='bbox 301 1285 457 1354; x_wconf 77' lang='grc' dir='ltr'>ναιετάειν</span> <span class='ocrx_word' id='word_1_69' title='bbox 483 1291 628 1369; x_wconf 63' lang='lat' dir='ltr'>attica,</span> <span class='ocrx_word' id='word_1_70' title='bbox 643 1289 700 1354; x_wconf 83' lang='grc' dir='ltr'>καί</span> <span class='ocrx_word' id='word_1_71' title='bbox 722 1313 771 1354; x_wconf 89' lang='grc' dir='ltr'>τοι</span> <span class='ocrx_word' id='word_1_72' title='bbox 795 1283 881 1366; x_wconf 80' lang='grc' dir='ltr'>ἅδοι,</span> <span class='ocrx_word' id='word_1_73' title='bbox 906 1276 926 1373; x_wconf 76' lang='grc' dir='ltr'><strong>ἦ</strong></span> <span class='ocrx_word' id='word_1_74' title='bbox 950 1285 985 1353; x_wconf 83' lang='grc' dir='ltr'>τ”</span> <span class='ocrx_word' id='word_1_75' title='bbox 1002 1285 1038 1352; x_wconf 80' lang='grc' dir='ltr'>ἂν</span> <span class='ocrx_word' id='word_1_76' title='bbox 1064 1289 1173 1352; x_wconf 80' lang='grc' dir='ltr'>ἔπειτα</span> 
     </span>
     <span class='ocr_line' id='line_1_11' title="bbox 301 1389 1237 1478; baseline -0.002 -20"><span class='ocrx_word' id='word_1_77' title='bbox 301 1389 422 1478; x_wconf 65' lang='grc' dir='ltr'>πατρὸς</span> <span class='ocrx_word' id='word_1_78' title='bbox 445 1395 531 1476; x_wconf 80' lang='grc' dir='ltr'>ἐμεῖο</span> <span class='ocrx_word' id='word_1_79' title='bbox 556 1389 698 1468; x_wconf 80' lang='grc' dir='ltr'>Θόαντος</span> <span class='ocrx_word' id='word_1_80' title='bbox 722 1395 805 1478; x_wconf 79' lang='grc' dir='ltr'>ἔχοις</span> <span class='ocrx_word' id='word_1_81' title='bbox 828 1395 939 1478; x_wconf 77' lang='grc' dir='ltr'>γέρας·</span> <span class='ocrx_word' id='word_1_82' title='bbox 962 1390 997 1458; x_wconf 81' lang='grc' dir='ltr'>οὐ</span> <span class='ocrx_word' id='word_1_83' title='bbox 1022 1393 1058 1456; x_wconf 79' lang='grc' dir='ltr'>δέ</span> <span class='ocrx_word' id='word_1_84' title='bbox 1080 1389 1160 1456; x_wconf 83' lang='grc' dir='ltr'>τίδ’</span> <span class='ocrx_word' id='word_1_85' title='bbox 1184 1392 1237 1456; x_wconf 81' lang='grc' dir='ltr'>οἴω</span> 
     </span>
     <span class='ocr_line' id='line_1_12' title="bbox 301 1490 1191 1586; baseline -0.001 -26"><span class='ocrx_word' id='word_1_86' title='bbox 301 1505 394 1579; x_wconf 78' lang='grc' dir='ltr'>γαῖαν</span> <span class='ocrx_word' id='word_1_87' title='bbox 419 1492 617 1563; x_wconf 64' lang='lat' dir='ltr'>otterestat·</span> <span class='ocrx_word' id='word_1_88' title='bbox 641 1492 814 1586; x_wconf 75' lang='grc' dir='ltr'>περὶγὰρ</span> <span class='ocrx_word' id='word_1_89' title='bbox 839 1490 1050 1580; x_wconf 64' lang='grc' dir='ltr'>βαῖινλήϊος</span> <span class='ocrx_word' id='word_1_90' title='bbox 1074 1490 1191 1560; x_wconf 79' lang='grc' dir='ltr'>ἄλλων</span> 
     </span>
     <span class='ocr_line' id='line_1_13' title="bbox 301 1593 1014 1686; baseline 0 -23"><span class='ocrx_word' id='word_1_91' title='bbox 301 1595 418 1684; x_wconf 75' lang='grc' dir='ltr'>νήσων</span> <span class='ocrx_word' id='word_1_92' title='bbox 442 1599 558 1686; x_wconf 75' lang='grc' dir='ltr'>Αἰγαίῃ</span> <span class='ocrx_word' id='word_1_93' title='bbox 581 1594 654 1665; x_wconf 64' lang='grc' dir='ltr'>’ὁσαι</span> <span class='ocrx_word' id='word_1_94' title='bbox 678 1601 720 1664; x_wconf 83' lang='grc' dir='ltr'>εἰν</span> <span class='ocrx_word' id='word_1_95' title='bbox 745 1593 797 1664; x_wconf 76' lang='grc' dir='ltr'>ἁλὶ</span> <span class='ocrx_word' id='word_1_96' title='bbox 819 1595 1014 1664; x_wconf 73' lang='grc' dir='ltr'>ναιετάουσιν</span> 
     </span>
    </p>

    <p class='ocr_par' dir='ltr' id='par_1_8' title="bbox 170 1755 1213 1847">
     <span class='ocr_line' id='line_1_14' title="bbox 170 1755 1213 1847; baseline -0.001 -31"><span class='ocrx_word' id='word_1_97' title='bbox 170 1762 205 1816; x_wconf 87' lang='lat' dir='ltr'>et</span> <span class='ocrx_word' id='word_1_98' title='bbox 228 1777 258 1816; x_wconf 88' lang='lat' dir='ltr'>v.</span> <span class='ocrx_word' id='word_1_99' title='bbox 283 1755 346 1821; x_wconf 84' lang='grc'>890</span> <span class='ocrx_word' id='word_1_100' title='bbox 368 1775 448 1838; x_wconf 87' lang='lat' dir='ltr'>sqq.:</span> <span class='ocrx_word' id='word_1_101' title='bbox 1044 1819 1077 1841; x_wconf 21' lang='lat' dir='ltr'>„N</span> <span class='ocrx_word' id='word_1_102' title='bbox 1147 1823 1152 1847; x_wconf 35' lang='grc' dir='ltr'>ι</span> <span class='ocrx_word' id='word_1_103' title='bbox 1199 1826 1213 1840; x_wconf 77' lang='lat'>.</span> 
     </span>
    </p>

    <p class='ocr_par' dir='ltr' id='par_1_9' title="bbox 1041 1827 1272 1909">
     <span class='ocr_line' id='line_1_15' title="bbox 1041 1827 1272 1909; baseline 0.009 -21"><span class='ocrx_word' id='word_1_104' title='bbox 1041 1833 1103 1908; x_wconf 77' lang='grc' dir='ltr'>ηὸε</span> <span class='ocrx_word' id='word_1_105' title='bbox 1122 1827 1156 1890; x_wconf 82' lang='grc' dir='ltr'>δε</span> <span class='ocrx_word' id='word_1_106' title='bbox 1178 1847 1272 1909; x_wconf 77' lang='grc' dir='ltr'>νησος</span> 
     </span>
    </p>

    <p class='ocr_par' dir='ltr' id='par_1_10' title="bbox 303 1913 1269 2118">
     <span class='ocr_line' id='line_1_16' title="bbox 303 1913 1269 2013; baseline 0 -20"><span class='ocrx_word' id='word_1_107' title='bbox 303 1923 449 2013; x_wconf 77' lang='grc' dir='ltr'>σκῆπτρά</span> <span class='ocrx_word' id='word_1_108' title='bbox 472 1933 509 1992; x_wconf 83' lang='grc' dir='ltr'>τε</span> <span class='ocrx_word' id='word_1_109' title='bbox 530 1923 651 2013; x_wconf 72' lang='grc' dir='ltr'>πατρὸς</span> <span class='ocrx_word' id='word_1_110' title='bbox 675 1929 761 2011; x_wconf 82' lang='grc' dir='ltr'>ἐμεῖο</span> <span class='ocrx_word' id='word_1_111' title='bbox 785 1929 989 2013; x_wconf 82' lang='grc' dir='ltr'>παρέσσεται,</span> <span class='ocrx_word' id='word_1_112' title='bbox 1013 1923 1050 2013; x_wconf 76' lang='grc' dir='ltr'>ἣν</span> <span class='ocrx_word' id='word_1_113' title='bbox 1074 1913 1130 1994; x_wconf 68' lang='lat' dir='ltr'>aad</span> <span class='ocrx_word' id='word_1_114' title='bbox 1153 1923 1269 1994; x_wconf 78' lang='grc' dir='ltr'>ὀπίσσω</span> 
     </span>
     <span class='ocr_line' id='line_1_17' title="bbox 303 2025 1078 2118; baseline 0.003 -23"><span class='ocrx_word' id='word_1_115' title='bbox 303 2025 340 2115; x_wconf 78' lang='grc' dir='ltr'>δή</span> <span class='ocrx_word' id='word_1_116' title='bbox 364 2056 441 2097; x_wconf 85' lang='grc' dir='ltr'>ποτε</span> <span class='ocrx_word' id='word_1_117' title='bbox 464 2026 621 2115; x_wconf 76' lang='grc' dir='ltr'>νοστήσας</span> <span class='ocrx_word' id='word_1_118' title='bbox 644 2033 763 2118; x_wconf 52' lang='lat' dir='ltr'>&amp;capr</span> <span class='ocrx_word' id='word_1_119' title='bbox 786 2027 924 2116; x_wconf 78' lang='grc' dir='ltr'>ἄψορρον</span> <span class='ocrx_word' id='word_1_120' title='bbox 948 2031 1078 2098; x_wconf 60' lang='lat' dir='ltr'>[asason</span> 
     </span>
    </p>
   </div>
   <div class='ocr_carea' id='block_1_8' title="bbox 174 2165 1357 2254">
    <p class='ocr_par' dir='ltr' id='par_1_11' title="bbox 174 2165 1357 2254">
     <span class='ocr_line' id='line_1_18' title="bbox 174 2165 1357 2254; baseline -0.001 -22"><span class='ocrx_word' id='word_1_121' title='bbox 174 2167 273 2254; x_wconf 89' lang='lat' dir='ltr'>(adde</span> <span class='ocrx_word' id='word_1_122' title='bbox 295 2191 326 2230; x_wconf 86' lang='lat' dir='ltr'>v.</span> <span class='ocrx_word' id='word_1_123' title='bbox 351 2173 423 2235; x_wconf 85' lang='grc'>868.</span> <span class='ocrx_word' id='word_1_124' title='bbox 455 2168 533 2232; x_wconf 77' lang='lat' dir='ltr'>Stat.</span> <span class='ocrx_word' id='word_1_125' title='bbox 556 2167 662 2236; x_wconf 79' lang='lat' dir='ltr'>Theb.</span> <span class='ocrx_word' id='word_1_126' title='bbox 685 2167 716 2230; x_wconf 92' lang='lat' dir='ltr'>V</span> <span class='ocrx_word' id='word_1_127' title='bbox 738 2173 782 2236; x_wconf 78' lang='lat'>54</span> <span class='ocrx_word' id='word_1_128' title='bbox 804 2167 897 2254; x_wconf 85' lang='lat' dir='ltr'>sqq.).</span> <span class='ocrx_word' id='word_1_129' title='bbox 943 2165 1031 2246; x_wconf 78' lang='lat' dir='ltr'>Quos</span> <span class='ocrx_word' id='word_1_130' title='bbox 1059 2189 1172 2231; x_wconf 91' lang='lat' dir='ltr'>versus</span> <span class='ocrx_word' id='word_1_131' title='bbox 1193 2167 1357 2253; x_wconf 91' lang='lat' dir='ltr'>Apollonii</span> 
     </span>
    </p>
   </div>
   <div class='ocr_carea' id='block_1_9' title="bbox 174 2269 1357 2357">
    <p class='ocr_par' dir='ltr' id='par_1_12' title="bbox 174 2269 1357 2357">
     <span class='ocr_line' id='line_1_19' title="bbox 174 2269 1357 2357; baseline -0.001 -23"><span class='ocrx_word' id='word_1_132' title='bbox 174 2295 193 2334; x_wconf 91' lang='lat' dir='ltr'>a</span> <span class='ocrx_word' id='word_1_133' title='bbox 206 2271 337 2338; x_wconf 78' lang='lat' dir='ltr'><strong>Nasone</strong></span> <span class='ocrx_word' id='word_1_134' title='bbox 360 2269 516 2355; x_wconf 81' lang='lat' dir='ltr'>epistulae</span> <span class='ocrx_word' id='word_1_135' title='bbox 539 2270 593 2335; x_wconf 92' lang='lat' dir='ltr'>illo</span> <span class='ocrx_word' id='word_1_136' title='bbox 616 2270 687 2334; x_wconf 92' lang='lat' dir='ltr'>loco</span> <span class='ocrx_word' id='word_1_137' title='bbox 710 2272 828 2357; x_wconf 82' lang='lat' dir='ltr'>respici</span> <span class='ocrx_word' id='word_1_138' title='bbox 849 2271 922 2334; x_wconf 89' lang='lat' dir='ltr'>luce</span> <span class='ocrx_word' id='word_1_139' title='bbox 946 2279 995 2334; x_wconf 88' lang='lat' dir='ltr'>est</span> <span class='ocrx_word' id='word_1_140' title='bbox 1018 2270 1144 2353; x_wconf 87' lang='lat' dir='ltr'>clarius,</span> <span class='ocrx_word' id='word_1_141' title='bbox 1168 2272 1357 2356; x_wconf 87' lang='lat' dir='ltr'>praesertim</span> 
     </span>
    </p>
   </div>
   <div class='ocr_carea' id='block_1_10' title="bbox 57 2372 1358 2461">
    <p class='ocr_par' dir='ltr' id='par_1_13' title="bbox 57 2372 1358 2461">
     <span class='ocr_line' id='line_1_20' title="bbox 57 2372 1358 2461; baseline 0.002 -24"><span class='ocrx_word' id='word_1_142' title='bbox 57 2404 59 2408; x_wconf 93' lang='lat'>·</span> <span class='ocrx_word' id='word_1_143' title='bbox 175 2397 247 2438; x_wconf 87' lang='lat' dir='ltr'>cum</span> <span class='ocrx_word' id='word_1_144' title='bbox 271 2397 383 2437; x_wconf 91' lang='lat' dir='ltr'>eorum</span> <span class='ocrx_word' id='word_1_145' title='bbox 404 2385 552 2461; x_wconf 87' lang='lat' dir='ltr'>uterque,</span> <span class='ocrx_word' id='word_1_146' title='bbox 576 2397 640 2461; x_wconf 90' lang='lat' dir='ltr'>qua</span> <span class='ocrx_word' id='word_1_147' title='bbox 661 2372 766 2438; x_wconf 90' lang='lat' dir='ltr'>insula</span> <span class='ocrx_word' id='word_1_148' title='bbox 789 2376 829 2438; x_wconf 90' lang='lat' dir='ltr'>sit</span> <span class='ocrx_word' id='word_1_149' title='bbox 843 2374 1019 2456; x_wconf 75' lang='lat' dir='ltr'>fertilitate,</span> <span class='ocrx_word' id='word_1_150' title='bbox 1043 2374 1259 2461; x_wconf 86' lang='lat' dir='ltr'>Hypsipylam</span> <span class='ocrx_word' id='word_1_151' title='bbox 1274 2377 1358 2439; x_wconf 91' lang='lat' dir='ltr'>simi-</span> 
     </span>
    </p>
   </div>
   <div class='ocr_carea' id='block_1_11' title="bbox 154 2478 1360 4220">
    <p class='ocr_par' dir='ltr' id='par_1_14' title="bbox 173 2478 1246 2563">
     <span class='ocr_line' id='line_1_21' title="bbox 173 2478 1246 2563; baseline 0.002 -21"><span class='ocrx_word' id='word_1_152' title='bbox 173 2478 246 2542; x_wconf 88' lang='lat' dir='ltr'>liter</span> <span class='ocrx_word' id='word_1_153' title='bbox 268 2479 513 2563; x_wconf 80' lang='lat' dir='ltr'>praedicantem</span> <span class='ocrx_word' id='word_1_154' title='bbox 534 2478 677 2542; x_wconf 89' lang='lat' dir='ltr'>inducat.</span> <span class='ocrx_word' id='word_1_155' title='bbox 1240 2539 1246 2554; x_wconf 83' lang='lat'>‚</span> 
     </span>
    </p>

    <p class='ocr_par' dir='ltr' id='par_1_15' title="bbox 173 2581 1360 3600">
     <span class='ocr_line' id='line_1_22' title="bbox 261 2581 1358 2670; baseline 0.001 -24"><span class='ocrx_word' id='word_1_156' title='bbox 261 2583 311 2646; x_wconf 86' lang='lat' dir='ltr'>De</span> <span class='ocrx_word' id='word_1_157' title='bbox 322 2583 581 2670; x_wconf 80' lang='lat' dir='ltr'>Arpoaaatoram</span> <span class='ocrx_word' id='word_1_158' title='bbox 597 2583 740 2647; x_wconf 70' lang='lat' dir='ltr'>discessu</span> <span class='ocrx_word' id='word_1_159' title='bbox 751 2581 889 2646; x_wconf 87' lang='lat' dir='ltr'>Ovidius</span> <span class='ocrx_word' id='word_1_160' title='bbox 904 2582 1069 2668; x_wconf 87' lang='lat' dir='ltr'>aliquanto</span> <span class='ocrx_word' id='word_1_161' title='bbox 1081 2584 1215 2669; x_wconf 83' lang='lat' dir='ltr'>exponit</span> <span class='ocrx_word' id='word_1_162' title='bbox 1226 2584 1358 2648; x_wconf 90' lang='lat' dir='ltr'>brevius</span> 
     </span>
     <span class='ocr_line' id='line_1_23' title="bbox 174 2685 1357 2772; baseline 0.002 -24"><span class='ocrx_word' id='word_1_163' title='bbox 174 2708 272 2772; x_wconf 90' lang='lat' dir='ltr'>quam</span> <span class='ocrx_word' id='word_1_164' title='bbox 296 2686 381 2771; x_wconf 91' lang='lat' dir='ltr'>epici</span> <span class='ocrx_word' id='word_1_165' title='bbox 402 2696 533 2772; x_wconf 87' lang='lat' dir='ltr'>poetae:</span> <span class='ocrx_word' id='word_1_166' title='bbox 560 2685 749 2769; x_wconf 90' lang='lat' dir='ltr'>Apollonius</span> <span class='ocrx_word' id='word_1_167' title='bbox 774 2687 858 2749; x_wconf 91' lang='lat' dir='ltr'>enim</span> <span class='ocrx_word' id='word_1_168' title='bbox 883 2708 1021 2771; x_wconf 89' lang='lat' dir='ltr'>eumque</span> <span class='ocrx_word' id='word_1_169' title='bbox 1044 2687 1185 2750; x_wconf 89' lang='lat' dir='ltr'>imitatus</span> <span class='ocrx_word' id='word_1_170' title='bbox 1208 2688 1357 2752; x_wconf 89' lang='lat' dir='ltr'>Valerius</span> 
     </span>
     <span class='ocr_line' id='line_1_24' title="bbox 173 2789 1357 2876; baseline 0 -22"><span class='ocrx_word' id='word_1_171' title='bbox 173 2791 313 2854; x_wconf 83' lang='lat' dir='ltr'>Flaccus</span> <span class='ocrx_word' id='word_1_172' title='bbox 335 2801 468 2854; x_wconf 90' lang='lat' dir='ltr'>narrant</span> <span class='ocrx_word' id='word_1_173' title='bbox 482 2789 671 2870; x_wconf 83' lang='lat' dir='ltr'>Herculem,</span> <span class='ocrx_word' id='word_1_174' title='bbox 696 2812 770 2852; x_wconf 88' lang='lat' dir='ltr'>cum</span> <span class='ocrx_word' id='word_1_175' title='bbox 785 2790 994 2872; x_wconf 85' lang='lat' dir='ltr'>Argonautae</span> <span class='ocrx_word' id='word_1_176' title='bbox 1016 2813 1135 2860; x_wconf 87' lang='lat' dir='ltr'>navem</span> <span class='ocrx_word' id='word_1_177' title='bbox 1151 2790 1357 2876; x_wconf 80' lang='lat' dir='ltr'>appulissent,</span> 
     </span>
     <span class='ocr_line' id='line_1_25' title="bbox 174 2892 1358 2981; baseline 0 -24"><span class='ocrx_word' id='word_1_178' title='bbox 174 2897 209 2958; x_wconf 94' lang='lat' dir='ltr'>in</span> <span class='ocrx_word' id='word_1_179' title='bbox 238 2904 357 2959; x_wconf 84' lang='lat' dir='ltr'>terram</span> <span class='ocrx_word' id='word_1_180' title='bbox 385 2916 551 2978; x_wconf 83' lang='lat' dir='ltr'>egressum</span> <span class='ocrx_word' id='word_1_181' title='bbox 572 2916 638 2957; x_wconf 90' lang='lat' dir='ltr'>nou</span> <span class='ocrx_word' id='word_1_182' title='bbox 660 2915 729 2956; x_wconf 88' lang='lat' dir='ltr'>esse</span> <span class='ocrx_word' id='word_1_183' title='bbox 753 2892 866 2981; x_wconf 90' lang='lat' dir='ltr'>sedin</span> <span class='ocrx_word' id='word_1_184' title='bbox 888 2893 965 2956; x_wconf 82' lang='lat' dir='ltr'>navi</span> <span class='ocrx_word' id='word_1_185' title='bbox 987 2895 1178 2957; x_wconf 89' lang='lat' dir='ltr'>remansisse</span> <span class='ocrx_word' id='word_1_186' title='bbox 1202 2904 1235 2956; x_wconf 90' lang='lat' dir='ltr'>et</span> <span class='ocrx_word' id='word_1_187' title='bbox 1256 2895 1358 2957; x_wconf 91' lang='lat' dir='ltr'>socios</span> 
     </span>
     <span class='ocr_line' id='line_1_26' title="bbox 174 2995 1358 3083; baseline -0.001 -22"><span class='ocrx_word' id='word_1_188' title='bbox 174 3009 301 3083; x_wconf 89' lang='lat' dir='ltr'>tempus</span> <span class='ocrx_word' id='word_1_189' title='bbox 336 3006 540 3062; x_wconf 84' lang='lat' dir='ltr'>conterentes</span> <span class='ocrx_word' id='word_1_190' title='bbox 573 3006 609 3060; x_wconf 95' lang='lat' dir='ltr'>ut</span> <span class='ocrx_word' id='word_1_191' title='bbox 639 2998 701 3062; x_wconf 92' lang='lat' dir='ltr'>iter</span> <span class='ocrx_word' id='word_1_192' title='bbox 734 2997 842 3060; x_wconf 87' lang='lat' dir='ltr'>facere</span> <span class='ocrx_word' id='word_1_193' title='bbox 874 3006 1049 3082; x_wconf 82' lang='lat' dir='ltr'>pergerent</span> <span class='ocrx_word' id='word_1_194' title='bbox 1081 2995 1358 3061; x_wconf 82' lang='lat' dir='ltr'>adhortationibus</span> 
     </span>
     <span class='ocr_line' id='line_1_27' title="bbox 174 3099 1358 3188; baseline 0.002 -24"><span class='ocrx_word' id='word_1_195' title='bbox 174 3101 341 3166; x_wconf 83' lang='lat' dir='ltr'>induxisse</span> <span class='ocrx_word' id='word_1_196' title='bbox 365 3101 440 3188; x_wconf 85' lang='lat' dir='ltr'>(Ap.</span> <span class='ocrx_word' id='word_1_197' title='bbox 463 3100 524 3165; x_wconf 90' lang='lat' dir='ltr'>Rh.</span> <span class='ocrx_word' id='word_1_198' title='bbox 548 3100 565 3164; x_wconf 86' lang='grc' dir='ltr'>Ι</span> <span class='ocrx_word' id='word_1_199' title='bbox 589 3105 651 3170; x_wconf 76' lang='grc'>855</span> <span class='ocrx_word' id='word_1_200' title='bbox 674 3123 742 3186; x_wconf 84' lang='lat' dir='ltr'>sqq.</span> <span class='ocrx_word' id='word_1_201' title='bbox 774 3099 883 3163; x_wconf 82' lang='lat' dir='ltr'>Flacc.</span> <span class='ocrx_word' id='word_1_202' title='bbox 907 3100 940 3163; x_wconf 91' lang='grc' dir='ltr'>ΙΙ</span> <span class='ocrx_word' id='word_1_203' title='bbox 963 3105 1025 3170; x_wconf 80' lang='grc'>373</span> <span class='ocrx_word' id='word_1_204' title='bbox 1048 3123 1116 3186; x_wconf 83' lang='lat' dir='ltr'>sqq.</span> <span class='ocrx_word' id='word_1_205' title='bbox 1141 3099 1211 3163; x_wconf 89' lang='lat' dir='ltr'>coll.</span> <span class='ocrx_word' id='word_1_206' title='bbox 1235 3100 1358 3184; x_wconf 84' lang='lat' dir='ltr'>Argon.</span> 
     </span>
     <span class='ocr_line' id='line_1_28' title="bbox 176 3198 1359 3291; baseline 0 -23"><span class='ocrx_word' id='word_1_207' title='bbox 176 3203 277 3290; x_wconf 88' lang='lat' dir='ltr'>Orph.</span> <span class='ocrx_word' id='word_1_208' title='bbox 301 3210 363 3273; x_wconf 84' lang='grc'>482</span> <span class='ocrx_word' id='word_1_209' title='bbox 380 3205 473 3291; x_wconf 85' lang='lat' dir='ltr'>sqq.).</span> <span class='ocrx_word' id='word_1_210' title='bbox 512 3204 604 3284; x_wconf 73' lang='lat' dir='ltr'>Quae</span> <span class='ocrx_word' id='word_1_211' title='bbox 628 3205 735 3267; x_wconf 90' lang='lat' dir='ltr'>omnia</span> <span class='ocrx_word' id='word_1_212' title='bbox 751 3203 888 3267; x_wconf 87' lang='lat' dir='ltr'>Ovidius</span> <span class='ocrx_word' id='word_1_213' title='bbox 911 3198 974 3268; x_wconf 89' lang='lat' dir='ltr'>uno</span> <span class='ocrx_word' id='word_1_214' title='bbox 998 3205 1126 3286; x_wconf 84' lang='lat' dir='ltr'>attingit</span> <span class='ocrx_word' id='word_1_215' title='bbox 1148 3204 1260 3286; x_wconf 87' lang='lat' dir='ltr'>verbo,</span> <span class='ocrx_word' id='word_1_216' title='bbox 1285 3228 1359 3268; x_wconf 87' lang='lat' dir='ltr'>cum</span> 
     </span>
     <span class='ocr_line' id='line_1_29' title="bbox 174 3306 1360 3393; baseline -0.002 -21"><span class='ocrx_word' id='word_1_217' title='bbox 174 3307 391 3393; x_wconf 83' lang='lat' dir='ltr'>Hypsipylam</span> <span class='ocrx_word' id='word_1_218' title='bbox 410 3307 559 3372; x_wconf 88' lang='lat' dir='ltr'>Iasonem</span> <span class='ocrx_word' id='word_1_219' title='bbox 581 3306 656 3370; x_wconf 89' lang='lat' dir='ltr'>vela</span> <span class='ocrx_word' id='word_1_220' title='bbox 679 3308 757 3370; x_wconf 91' lang='lat' dir='ltr'>dare</span> <span class='ocrx_word' id='word_1_221' title='bbox 781 3317 955 3371; x_wconf 89' lang='lat' dir='ltr'>coactum</span> <span class='ocrx_word' id='word_1_222' title='bbox 975 3329 1045 3371; x_wconf 91' lang='lat' dir='ltr'>esse</span> <span class='ocrx_word' id='word_1_223' title='bbox 1061 3307 1247 3392; x_wconf 90' lang='lat' dir='ltr'>loquentem</span> <span class='ocrx_word' id='word_1_224' title='bbox 1262 3307 1360 3372; x_wconf 87' lang='lat' dir='ltr'>faciat</span> 
     </span>
     <span class='ocr_line' id='line_1_30' title="bbox 175 3409 1359 3498; baseline -0.002 -22"><span class='ocrx_word' id='word_1_225' title='bbox 175 3412 219 3498; x_wconf 87' lang='lat' dir='ltr'>(v.</span> <span class='ocrx_word' id='word_1_226' title='bbox 243 3412 309 3497; x_wconf 77' lang='lat'>57).</span> <span class='ocrx_word' id='word_1_227' title='bbox 346 3409 458 3474; x_wconf 90' lang='lat' dir='ltr'>Paullo</span> <span class='ocrx_word' id='word_1_228' title='bbox 481 3433 552 3474; x_wconf 90' lang='lat' dir='ltr'>rem</span> <span class='ocrx_word' id='word_1_229' title='bbox 574 3411 711 3480; x_wconf 88' lang='lat' dir='ltr'>mutavit</span> <span class='ocrx_word' id='word_1_230' title='bbox 733 3411 892 3492; x_wconf 87' lang='lat' dir='ltr'>Valerius,</span> <span class='ocrx_word' id='word_1_231' title='bbox 916 3412 972 3497; x_wconf 93' lang='lat' dir='ltr'>qui</span> <span class='ocrx_word' id='word_1_232' title='bbox 987 3411 1150 3495; x_wconf 83' lang='lat' dir='ltr'>Tirynthii</span> <span class='ocrx_word' id='word_1_233' title='bbox 1172 3409 1281 3473; x_wconf 88' lang='lat' dir='ltr'>verbis</span> <span class='ocrx_word' id='word_1_234' title='bbox 1305 3411 1359 3474; x_wconf 89' lang='lat' dir='ltr'>ad-</span> 
     </span>
     <span class='ocr_line' id='line_1_31' title="bbox 174 3511 1359 3600; baseline 0 -22"><span class='ocrx_word' id='word_1_235' title='bbox 174 3514 332 3579; x_wconf 90' lang='lat' dir='ltr'>monitum</span> <span class='ocrx_word' id='word_1_236' title='bbox 352 3515 502 3578; x_wconf 85' lang='lat' dir='ltr'>Iasonem</span> <span class='ocrx_word' id='word_1_237' title='bbox 523 3515 628 3577; x_wconf 89' lang='lat' dir='ltr'>minus</span> <span class='ocrx_word' id='word_1_238' title='bbox 650 3514 787 3577; x_wconf 85' lang='lat' dir='ltr'>invitum</span> <span class='ocrx_word' id='word_1_239' title='bbox 805 3523 995 3600; x_wconf 87' lang='lat' dir='ltr'>sequentem</span> <span class='ocrx_word' id='word_1_240' title='bbox 1010 3514 1114 3598; x_wconf 85' lang='lat' dir='ltr'>fingit.</span> <span class='ocrx_word' id='word_1_241' title='bbox 1145 3511 1359 3582; x_wconf 82' lang='lat' dir='ltr'>Statiusvero</span> 
     </span>
    </p>

    <p class='ocr_par' dir='ltr' id='par_1_16' title="bbox 154 3616 1360 3911">
     <span class='ocr_line' id='line_1_32' title="bbox 154 3616 1360 3704; baseline 0.003 -28"><span class='ocrx_word' id='word_1_242' title='bbox 154 3619 300 3702; x_wconf 81' lang='lat' dir='ltr'>longius</span> <span class='ocrx_word' id='word_1_243' title='bbox 323 3641 420 3704; x_wconf 91' lang='lat' dir='ltr'>quam</span> <span class='ocrx_word' id='word_1_244' title='bbox 442 3616 497 3681; x_wconf 91' lang='lat' dir='ltr'>ille</span> <span class='ocrx_word' id='word_1_245' title='bbox 520 3641 539 3681; x_wconf 92' lang='lat' dir='ltr'>a</span> <span class='ocrx_word' id='word_1_246' title='bbox 561 3617 717 3681; x_wconf 89' lang='lat' dir='ltr'>memoria</span> <span class='ocrx_word' id='word_1_247' title='bbox 739 3617 866 3702; x_wconf 84' lang='lat' dir='ltr'>vulgari</span> <span class='ocrx_word' id='word_1_248' title='bbox 889 3619 1037 3680; x_wconf 88' lang='lat' dir='ltr'>recessit:</span> <span class='ocrx_word' id='word_1_249' title='bbox 1065 3617 1152 3702; x_wconf 90' lang='lat' dir='ltr'>apud</span> <span class='ocrx_word' id='word_1_250' title='bbox 1176 3641 1250 3681; x_wconf 93' lang='lat' dir='ltr'>eum</span> <span class='ocrx_word' id='word_1_251' title='bbox 1275 3618 1360 3681; x_wconf 91' lang='lat' dir='ltr'>enim</span> 
     </span>
     <span class='ocr_line' id='line_1_33' title="bbox 174 3720 1359 3807; baseline -0.001 -23"><span class='ocrx_word' id='word_1_252' title='bbox 174 3721 357 3807; x_wconf 84' lang='lat' dir='ltr'>Hypsipyle</span> <span class='ocrx_word' id='word_1_253' title='bbox 382 3720 530 3784; x_wconf 88' lang='lat' dir='ltr'>lasonem</span> <span class='ocrx_word' id='word_1_254' title='bbox 554 3720 644 3784; x_wconf 86' lang='lat' dir='ltr'>caelo</span> <span class='ocrx_word' id='word_1_255' title='bbox 668 3743 781 3784; x_wconf 90' lang='lat' dir='ltr'>sereno</span> <span class='ocrx_word' id='word_1_256' title='bbox 805 3720 890 3784; x_wconf 88' lang='lat' dir='ltr'>facto</span> <span class='ocrx_word' id='word_1_257' title='bbox 912 3722 1018 3806; x_wconf 89' lang='lat' dir='ltr'>ipsum</span> <span class='ocrx_word' id='word_1_258' title='bbox 1041 3743 1099 3783; x_wconf 92' lang='lat' dir='ltr'>sua</span> <span class='ocrx_word' id='word_1_259' title='bbox 1121 3730 1233 3805; x_wconf 90' lang='lat' dir='ltr'>sponte</span> <span class='ocrx_word' id='word_1_260' title='bbox 1257 3721 1359 3784; x_wconf 90' lang='lat' dir='ltr'>socios</span> 
     </span>
     <span class='ocr_line' id='line_1_34' title="bbox 174 3823 1293 3911; baseline 0 -25"><span class='ocrx_word' id='word_1_261' title='bbox 174 3834 210 3888; x_wconf 95' lang='lat' dir='ltr'>ut</span> <span class='ocrx_word' id='word_1_262' title='bbox 231 3825 514 3911; x_wconf 88' lang='lat' dir='ltr'>proficiscerentur</span> <span class='ocrx_word' id='word_1_263' title='bbox 537 3824 701 3888; x_wconf 89' lang='lat' dir='ltr'>hortatum</span> <span class='ocrx_word' id='word_1_264' title='bbox 725 3846 794 3888; x_wconf 91' lang='lat' dir='ltr'>esse</span> <span class='ocrx_word' id='word_1_265' title='bbox 819 3824 898 3887; x_wconf 88' lang='lat' dir='ltr'>dicit</span> <span class='ocrx_word' id='word_1_266' title='bbox 921 3823 1039 3910; x_wconf 88' lang='lat' dir='ltr'>(Theb.</span> <span class='ocrx_word' id='word_1_267' title='bbox 1063 3824 1094 3887; x_wconf 94' lang='lat' dir='ltr'>V</span> <span class='ocrx_word' id='word_1_268' title='bbox 1114 3828 1175 3894; x_wconf 78' lang='lat'>471</span> <span class='ocrx_word' id='word_1_269' title='bbox 1200 3824 1293 3910; x_wconf 83' lang='lat' dir='ltr'>sqq.).</span> 
     </span>
    </p>

    <p class='ocr_par' dir='ltr' id='par_1_17' title="bbox 173 3927 1359 4220">
     <span class='ocr_line' id='line_1_35' title="bbox 259 3927 1359 3993; baseline -0.004 -1"><span class='ocrx_word' id='word_1_270' title='bbox 259 3928 408 3993; x_wconf 88' lang='lat' dir='ltr'>Iasonem</span> <span class='ocrx_word' id='word_1_271' title='bbox 438 3937 546 3992; x_wconf 91' lang='lat' dir='ltr'>autem</span> <span class='ocrx_word' id='word_1_272' title='bbox 579 3927 803 3992; x_wconf 85' lang='lat' dir='ltr'>discedentem</span> <span class='ocrx_word' id='word_1_273' title='bbox 832 3927 864 3990; x_wconf 93' lang='lat' dir='ltr'>in</span> <span class='ocrx_word' id='word_1_274' title='bbox 887 3927 1036 3992; x_wconf 87' lang='lat' dir='ltr'>lacrimas</span> <span class='ocrx_word' id='word_1_275' title='bbox 1061 3927 1196 3991; x_wconf 88' lang='lat' dir='ltr'>effusum</span> <span class='ocrx_word' id='word_1_276' title='bbox 1220 3949 1289 3990; x_wconf 89' lang='lat' dir='ltr'>esse</span> <span class='ocrx_word' id='word_1_277' title='bbox 1311 3949 1359 3989; x_wconf 91' lang='lat' dir='ltr'>re-</span> 
     </span>
     <span class='ocr_line' id='line_1_36' title="bbox 174 4028 1359 4116; baseline -0.002 -22"><span class='ocrx_word' id='word_1_278' title='bbox 174 4032 250 4115; x_wconf 84' lang='lat' dir='ltr'>gina</span> <span class='ocrx_word' id='word_1_279' title='bbox 284 4031 453 4096; x_wconf 85' lang='lat' dir='ltr'>confirmat</span> <span class='ocrx_word' id='word_1_280' title='bbox 482 4029 573 4116; x_wconf 90' lang='lat' dir='ltr'>apud</span> <span class='ocrx_word' id='word_1_281' title='bbox 599 4030 754 4095; x_wconf 88' lang='lat' dir='ltr'>Ovidium</span> <span class='ocrx_word' id='word_1_282' title='bbox 784 4053 858 4094; x_wconf 93' lang='lat' dir='ltr'>cum</span> <span class='ocrx_word' id='word_1_283' title='bbox 886 4055 916 4094; x_wconf 92' lang='lat' dir='ltr'>v.</span> <span class='ocrx_word' id='word_1_284' title='bbox 947 4037 1002 4100; x_wconf 78' lang='lat'>58:</span> <span class='ocrx_word' id='word_1_285' title='bbox 1038 4028 1187 4115; x_wconf 84' lang='lat' dir='ltr'>‘implesti</span> <span class='ocrx_word' id='word_1_286' title='bbox 1218 4029 1359 4092; x_wconf 90' lang='lat' dir='ltr'>lacrimis</span> 
     </span>
     <span class='ocr_line' id='line_1_37' title="bbox 173 4133 1250 4220; baseline -0.003 -22"><span class='ocrx_word' id='word_1_287' title='bbox 173 4134 251 4198; x_wconf 90' lang='lat' dir='ltr'>talia</span> <span class='ocrx_word' id='word_1_288' title='bbox 273 4133 376 4199; x_wconf 90' lang='lat' dir='ltr'>verba</span> <span class='ocrx_word' id='word_1_289' title='bbox 398 4135 478 4216; x_wconf 85' lang='lat' dir='ltr'>tuis’,</span> <span class='ocrx_word' id='word_1_290' title='bbox 503 4144 571 4198; x_wconf 89' lang='lat' dir='ltr'>tum</span> <span class='ocrx_word' id='word_1_291' title='bbox 594 4135 703 4199; x_wconf 88' lang='lat' dir='ltr'>verbis</span> <span class='ocrx_word' id='word_1_292' title='bbox 726 4136 794 4199; x_wconf 89' lang='lat' dir='ltr'>eius</span> <span class='ocrx_word' id='word_1_293' title='bbox 816 4135 892 4220; x_wconf 87' lang='lat' dir='ltr'>ipsis</span> <span class='ocrx_word' id='word_1_294' title='bbox 915 4134 1046 4220; x_wconf 90' lang='lat' dir='ltr'>prolatis</span> <span class='ocrx_word' id='word_1_295' title='bbox 1069 4155 1099 4197; x_wconf 90' lang='lat' dir='ltr'>v.</span> <span class='ocrx_word' id='word_1_296' title='bbox 1124 4138 1165 4201; x_wconf 81' lang='lat'>63</span> <span class='ocrx_word' id='word_1_297' title='bbox 1189 4155 1250 4218; x_wconf 87' lang='lat' dir='ltr'>sq.:</span> 
     </span>
    </p>
   </div>
   <div class='ocr_carea' id='block_1_12' title="bbox 319 4271 1219 4358">
    <p class='ocr_par' dir='ltr' id='par_1_18' title="bbox 319 4271 1219 4358">
     <span class='ocr_line' id='line_1_38' title="bbox 319 4271 1219 4358; baseline -0.004 -22"><span class='ocrx_word' id='word_1_298' title='bbox 319 4272 487 4338; x_wconf 88' lang='lat' dir='ltr'>‘hactenus</span> <span class='ocrx_word' id='word_1_299' title='bbox 507 4313 548 4320; x_wconf 93' lang='lat'>-</span> <span class='ocrx_word' id='word_1_300' title='bbox 573 4282 605 4336; x_wconf 92' lang='lat' dir='ltr'>et</span> <span class='ocrx_word' id='word_1_301' title='bbox 627 4273 768 4358; x_wconf 87' lang='lat' dir='ltr'>lacrimis</span> <span class='ocrx_word' id='word_1_302' title='bbox 790 4273 824 4335; x_wconf 92' lang='lat' dir='ltr'>in</span> <span class='ocrx_word' id='word_1_303' title='bbox 846 4272 927 4336; x_wconf 89' lang='lat' dir='ltr'>falsa</span> <span class='ocrx_word' id='word_1_304' title='bbox 951 4271 1141 4336; x_wconf 87' lang='lat' dir='ltr'>cadentibus</span> <span class='ocrx_word' id='word_1_305' title='bbox 1164 4293 1219 4334; x_wconf 86' lang='lat' dir='ltr'>ora</span> 
     </span>
    </p>
   </div>
   <div class='ocr_carea' id='block_1_13' title="bbox 417 4376 1203 4532">
    <p class='ocr_par' dir='ltr' id='par_1_19' title="bbox 417 4376 1203 4532">
     <span class='ocr_line' id='line_1_39' title="bbox 417 4376 1116 4462; baseline -0.003 -22"><span class='ocrx_word' id='word_1_306' title='bbox 417 4387 526 4440; x_wconf 87' lang='lat' dir='ltr'>cetera</span> <span class='ocrx_word' id='word_1_307' title='bbox 550 4387 582 4440; x_wconf 91' lang='lat' dir='ltr'>te</span> <span class='ocrx_word' id='word_1_308' title='bbox 605 4377 737 4442; x_wconf 89' lang='lat' dir='ltr'>memini</span> <span class='ocrx_word' id='word_1_309' title='bbox 760 4399 824 4440; x_wconf 90' lang='lat' dir='ltr'>non</span> <span class='ocrx_word' id='word_1_310' title='bbox 846 4377 987 4461; x_wconf 88' lang='lat' dir='ltr'>potuisse</span> <span class='ocrx_word' id='word_1_311' title='bbox 1010 4376 1116 4462; x_wconf 81' lang='lat' dir='ltr'>loqui&#39;.</span> 
     </span>
     <span class='ocr_line' id='line_1_40' title="bbox 1188 4483 1203 4532; baseline 0 0"><span class='ocrx_word' id='word_1_312' title='bbox 1188 4483 1203 4532; x_wconf 69' lang='lat' dir='ltr'>{l</span> 
     </span>
    </p>
   </div>
   <div class='ocr_carea' id='block_1_14' title="bbox 0 0 1617 4854">
    <p class='ocr_par' dir='ltr' id='par_1_20' title="bbox 0 0 1617 4854">
     <span class='ocr_line' id='line_1_41' title="bbox 0 0 1617 4854; baseline 0 0"><span class='ocrx_word' id='word_1_313' title='bbox 0 0 1617 4854; x_wconf 95' lang='lat' dir='ltr'> </span> 
     </span>
    </p>
   </div>
  </div>
 </body>
</html>
