3214 4854
745 298 958 362 „32„.

259 465 410 552 Denique
435 466 651 548 conferantur,
676 491 758 553 quae
774 466 961 553 Apollonius
983 466 1024 531 de
1040 467 1159 531 Medea
1174 477 1306 553 propter
1320 467 1443 530 Iasonis

258 568 534 654 pulchritudinem
557 592 666 634 amore
690 570 889 634 inflammata
910 569 1051 656 loquitur
1073 595 1105 634 v.
1128 576 1192 639 453
1216 594 1300 656 sqq:

801 714 846 777 ἔτι
869 711 897 776 οἱ
920 707 1081 777 ἰνδάλλετο
1106 705 1221 789 πάντα,

413 810 528 892 αὐτός
548 813 582 881 ‘b'
606 809 685 892 οἷος
708 817 784 900 ἔην,
810 815 900 882 οἵοισί
922 841 958 882 τε
982 808 1112 902 φάρεσιν
1137 814 1219 894 ἕστο,

413 913 473 984 οἷά
489 916 517 983 τ’
534 916 634 1004 ἔειφ’,
653 915 695 996 ὥς
709 915 742 985 ‘t'
760 915 838 996 ἕζετ’
855 917 905 984 ἐπὶ
920 913 1043 1003 ςὶιρὸνου,
1062 912 1104 994 ὥς
1119 943 1155 982 τε
1169 913 1290 1003 ζδυ’ραζε

411 1016 493 1106 ἤιεν·
518 1019 551 1087 οὐ
575 1024 611 1086 δέ
632 1019 688 1088 τιν’
712 1017 804 1088 άλλον
829 1018 957 1088 ὀίσσατο
981 1016 1183 1107 πορφύρουσα

412 1127 547 1207 ἔμμεναι
570 1121 667 1210 ἀνέρα
689 1135 786 1191 τοῖον·
812 1127 842 1190 έν
867 1121 957 1191 οὔασι
980 1122 1006 1188 δ’
1031 1123 1096 1190 αἰέν
1121 1120 1227 1210 ὀρώρει

415 1222 570 1313 αὐδήτε
595 1229 709 1312 potat
731 1254 771 1294 τε
796 1229 1033 1314 μελίφρονες,
1059 1222 1112 1303 οὓς
1135 1223 1312 1314 ἀγορευσεν,

257 1386 404 1450 quaeque
427 1365 529 1450 ipsam
553 1363 770 1451 disputantem
791 1364 916 1427 inducit
939 1363 1076 1427 Ovidius
1098 1387 1129 1426 v.
1153 1367 1194 1430 26
1218 1385 1302 1448 sqq:

344 1507 451 1588 ‘quem
474 1503 534 1565 nisi
558 1502 724 1567 crudelem
746 1525 811 1568 non
833 1511 945 1587 tangat
967 1502 1117 1568 Iasonis
1140 1502 1244 1566 aetas

344 1615 381 1670 et
403 1627 524 1689 genus
548 1615 586 1670 et
608 1606 751 1669 virtus?
774 1628 871 1691 quem
893 1629 967 1688 non,
990 1616 1026 1669 ut
1049 1615 1159 1669 cetera
1183 1605 1298 1687 desint,

343 1732 406 1782 ore
430 1731 584 1774 movere
607 1709 755 1794 potest?
779 1719 867 1773 certe
891 1733 964 1773 mea
986 1719 1119 1794 pectora
1142 1709 1250 1774 movit’

259 1846 313 1933 (cf.
343 1871 374 1910 v.
405 1852 447 1914 43
477 1848 569 1935 sqq).
625 1847 670 1910 At
705 1849 790 1911 inter
824 1847 969 1912 Graecos
1003 1857 1123 1933 quanta
1160 1846 1263 1932 gloria
1295 1846 1440 1926 fruitura,

257 1960 392 2036 quantos
425 1950 563 2015 honores
598 1950 755 2037 adeptura
788 1953 837 2033 sit,
871 1951 980 2038 puella
1014 1952 1134 2034 cogitat
1168 1949 1254 2036 apud
1287 1949 1441 2015 Ovidium

256 2077 286 2117 v.
308 2059 350 2123 48
374 2077 460 2140 sqq:

343 2184 438 2269 ‘pelle
461 2185 600 2247 moram!
624 2184 684 2249 tibi
706 2206 740 2248 se
763 2206 891 2270 semper
914 2183 1049 2248 debebit
1071 2168 1174 2264 Iason,

344 2297 380 2350 te
403 2287 486 2351 face
511 2287 687 2351 sollemni
709 2287 842 2372 iunget
864 2287 951 2369 sibi,
975 2309 1118 2374 perque
1141 2286 1323 2370 Pelasgas

344 2391 538 2454 servatrix
561 2390 676 2455 urbes
699 2401 859 2454 matrum
882 2390 1137 2454 celebrabere
1161 2389 1282 2454 turba’

258 2537 291 2591 et
313 2552 344 2592 v.
367 2533 409 2596 56
429 2552 514 2615 sqq:

344 2665 473 2743 ‘magna
495 2682 624 2744 sequar:
648 2658 801 2723 titulum
823 2668 972 2723 servatae
995 2659 1089 2744 pubis
1110 2657 1269 2740 Achivae,

343 2763 554 2848 notitiamque
577 2763 640 2827 loci
662 2763 803 2827 melioris
827 2771 860 2826 et
882 2761 1009 2848 oppida,
1034 2784 1169 2848 quorum

343 2866 396 2930 hic
420 2889 546 2952 quoqne
569 2866 655 2929 fama
677 2868 776 2951 viget,
801 2867 969 2952 cultusque
992 2875 1140 2951 artesque
1164 2865 1322 2947 locorum3

344 2992 504 3055 quemque
528 2993 588 3054 ego
612 2993 686 3033 cum
707 2970 815 3053 rebus,
840 2993 918 3056 quas
940 2979 1024 3034 totus
1046 2967 1189 3056 possidet
1212 2967 1307 3050 orbis,

344 3072 532 3137 Aesoniden
554 3084 694 3137 mutasse
718 3073 826 3155 velim,
851 3096 924 3158 quo
949 3074 1110 3156 coniuge
1134 3071 1231 3136 felix

344 3186 376 3240 et
400 3174 449 3238 dis
473 3199 549 3239 cara
570 3177 657 3241 ferar
680 3185 713 3240 et
734 3177 884 3240 vertice
908 3175 1037 3240 sidera
1059 3176 1236 3260 tangam’3

257 3313 344 3398 apud
366 3313 572 3398 Apollonium
601 3314 689 3378 idem
720 3314 789 3377 fere
812 3315 907 3378 lason
934 3315 1002 3399 ipse
1025 3313 1194 3399 profitetur
1220 3337 1247 3376 v.
1271 3319 1334 3382 990
1356 3334 1441 3397 sqq:

350 3454 395 3520 σοί
419 3452 444 3519 δ’
469 3451 505 3518 ἂν
530 3451 590 3538 ἐγω
613 3458 736 3540 τίσαιμι
759 3451 847 3541 χάριν
872 3452 1063 3540 perdurabat
1088 3451 1223 3540 ἀρωγῆς,

343 3553 362 3642 ἦ
388 3560 495 3642 ῒέμις,
521 3552 563 3634 ὡς
588 3561 710 3624 ἐπέοικε
736 3556 879 3645 διάνδιχα
900 3553 1118 3634 ναιετάοντας,
1210 3604 1211 3607 ¹

345 3657 483 3745 οὔνομα
506 3661 570 3736 καί
594 3654 708 3727 καλὸν
731 3659 870 3748 τεύχων
894 3665 1022 3738 κλέος·
1046 3657 1087 3737 ὥς
1111 3662 1144 3726 δὲ
1168 3659 1224 3726 καί
1247 3648 1337 3724 ὧλλοι

342 3761 444 3850 ἥρωες
466 3761 631 3852 κλῄσουσιν
656 3768 690 3842 ἐς
705 3760 852 3832 Ἐλλάδα
874 3761 1085 3850 νοστήσαντες

342 3863 467 3953 ἡρώων
490 3865 518 3933 τ’
542 3863 671 3953 άλοχοι
695 3870 760 3934 καί
785 3872 960 3955 μητέρες,
986 3869 1024 3933 αί
1042 3861 1076 3933 νιί
1101 3892 1158 3933 τιου
1178 3863 1240 3951 ἤδη

343 3965 448 4054 ἡμέας
469 3967 620 4056 ἠιόνεσσιν
646 3968 833 4057 ἐφεζόμεναι
857 3968 1012 4054 γοάουσιν,

259 4118 344 4172 etv.
371 4112 453 4175 1122
476 4129 560 4193 sqq:

345 4251 371 4314 εί
395 4251 430 4313 δέ
452 4274 505 4314 κεν
529 4244 616 4333 ittae
639 4260 729 4316 κεῖνα
753 4249 808 4315 καὶ
824 4244 972 4315 Ἐλλάδα
995 4257 1088 4332 γαῖαν
1111 4249 1211 4331 ίκηαι,

344 4348 527 4438 τιμήεσσα
550 4352 695 4437 γυναιξί
719 4353 784 4419 καί
808 4348 983 4438 ἀνδράσιν
1009 4353 1134 4438 αἰδοίη
1158 4377 1198 4416 τε
