3242 4860
725 335 940 416 ...(50.-

240 500 330 582 genti
359 497 525 583 διακτόρου
550 498 703 584 (Colluth.
727 524 759 563 v.
785 501 874 586 123),
904 511 940 564 ut
962 500 1142 588 κηρύκειον,
1174 499 1273 564 tribui
1295 499 1376 562 solet
1388 499 1422 585 ¹).

240 601 278 665 ld
294 603 392 686 igitur
408 602 448 666 ab
462 601 580 665 Ovidio
594 626 611 665 e
624 601 824 667 Graecorum
837 625 925 667 more
939 625 1127 688 expressum
1140 625 1210 666 esse
1222 601 1422 686 intelligitur.

325 705 399 768 Una
433 727 506 768 cum
535 705 696 769 Mercurio
729 706 771 770 ab
803 728 905 792 eoque
937 707 1055 771 ductae
1086 705 1189 770 deae
1220 714 1424 791 apparent

240 808 350 872 Venus
374 808 453 872 luno
473 808 639 872 Minerva:
664 810 726 872 Ov.
751 832 800 895 ep.
826 809 903 874 XVI
926 815 967 879 65
990 832 1053 896 sq.:

370 936 509 1013 ‘tresque
533 927 627 992 simul
650 930 754 1012 divae,
778 930 889 996 Venus
913 941 946 995 et
969 953 1042 994 cum
1064 929 1200 992 Pallade
1222 929 1312 1010 luno,

490 1032 689 1116 graminibus
710 1045 839 1099 teneros
861 1035 1043 1120 imposuere
1066 1031 1185 1119 pedes'.

241 1153 385 1233 Quarum
410 1152 450 1215 de
474 1151 618 1217 aduentu
634 1152 801 1218 Colluthus
820 1156 948 1220 omnino
964 1165 1061 1220 tacet.
1098 1155 1181 1219 Nam
1197 1165 1366 1240 postquam
1383 1153 1423 1216 de

239 1257 402 1321 Mercurio
419 1266 543 1320 tanturn
560 1278 579 1319 a
593 1256 712 1321 Paride
729 1269 901 1343 conspecto
918 1259 1001 1323 dixit
1017 1259 1061 1346 (v.
1081 1257 1165 1345 123),
1189 1257 1297 1324 statim
1311 1278 1424 1342 parum

174 1425 176 1430 .
241 1371 315 1446 apte
340 1360 381 1424 de
404 1360 466 1423 hoe
488 1361 596 1445 pergit
612 1361 656 1446 (v.
675 1361 763 1448 124):
787 1367 870 1430 tato
895 1361 1029 1431 ἀλέεινεν
1047 1361 1184 1449 ὀπωπήν,
1209 1361 1276 1426 scil.
1293 1359 1424 1424 etMer-

241 1465 310 1528 curi
334 1473 367 1528 et
387 1463 531 1528 dearum.
569 1464 639 1528 Nec
655 1477 764 1529 tamen
778 1488 877 1529 unum
894 1477 950 1529 aut
965 1464 1102 1530 alterum
1117 1487 1248 1530 versum
1264 1465 1348 1528 inter
1365 1467 1424 1530 123

241 1578 274 1631 et
288 1573 349 1635 124
365 1566 526 1646 excidisse
543 1590 616 1631 cum
632 1568 798 1653 Lennepio
815 1569 1053 1634 contenderim:
1073 1570 1169 1633 immo
1186 1591 1258 1632 eam
1273 1566 1425 1631 narrandi

239 1671 399 1736 inscitiam
431 1672 581 1756 equidem
613 1672 673 1757 ipsi
702 1671 841 1735 tribuam
872 1672 1036 1756 Oollutho,
1072 1674 1126 1758 qui
1155 1672 1233 1755 loci,
1262 1670 1364 1756 qualis
1392 1671 1425 1732 in

240 1773 419 1860 exemplari
453 1773 619 1840 exhibitus
652 1775 726 1857 fuit,
762 1775 957 1860 elegantiam
988 1799 1085 1841 manu
1111 1777 1209 1840 inerti
1235 1774 1424 1839 turbaverit.
1451 1827 1457 1832 .

239 1878 309 1942 Nee
332 1879 437 1943 minus
460 1900 512 1960 ea,
536 1880 563 1942 si
586 1879 664 1964 quid
685 1879 799 1962 video,
824 1881 930 1965 opinio
953 1881 987 1945 in
1010 1903 1043 1944 se
1065 1877 1303 1965 probabilitatis
1326 1876 1427 1940 habet

241 1982 338 2045 etiam
368 1982 401 2045 in
431 1980 494 2045 loci
524 1983 718 2047 amoenitate
749 1982 956 2068 depingenda
986 1983 1046 2047 sibi
1076 1982 1236 2068 placuisse
1261 1991 1426 2046 auctorem

240 2083 504 2166 alexandrinum,
534 2085 586 2149 eui
616 2097 651 2149 ut
678 2085 845 2171 permultis
869 2086 1013 2151 eiusdem
1036 2087 1152 2150 aetatis
1173 2085 1278 2171 poetis
1299 2082 1426 2170 praeire

239 2189 344 2273 potuit
366 2188 538 2275 Euripides
560 2189 594 2252 in
616 2189 687 2276 Iph.
710 2190 751 2254 A.
777 2195 860 2260 1294
882 2212 967 2276 sqq.:
993 2189 1131 2278 (μήποτε
1158 2187 1377 2276 Ἀλέξανδρον)

489 2314 606 2379 οἰκίσαι
630 2309 713 2398 ἀμφὶ
735 2309 771 2379 τὸ
795 2319 906 2380 λευκον
929 2309 1022 2401 ὕδωρ,
1044 2309 1100 2381 ‘tm

492 2418 604 2504 κρῆναι
626 2419 770 2503 Νυμφῶν
794 2427 916 2484 κεῖνται

491 2516 605 2605 λειμών
628 2516 656 2585 τ’
681 2516 793 2589 debeor
814 2515 942 2588 δάλλων

450 2617 452 2621 ’
493 2629 633 2710 χλωροῖς,
659 2612 693 2690 οὗ
718 2620 866 2710 dedicare

492 2722 582 2793 ἀνῖλέ
605 2721 774 2794 ὑακίνῖλινά
797 2751 834 2793 τε
856 2731 965 2793 beuter
988 2731 1110 2813 δρέπειν
1127 2725 1183 2812 (ef.
1199 2749 1231 2789 v.
1250 2729 1333 2804 182).

328 2843 484 2908 Intuitum
502 2845 579 2910 deas
594 2845 856 2931 Mercuriumque
869 2844 1020 2909 Paridem
1037 2846 1178 2910 maximo
1195 2844 1327 2910 horrore
1344 2845 1431 2908 affici

240 2947 363 3030 pariter
393 2947 531 3012 Ovidius
561 2959 594 3012 et
621 2947 791 3013 Colluthus
818 2948 973 3012 referunt.
1019 2947 1086 3012 Sed
1115 2949 1194 3034 quid
1222 2947 1284 3013 hoc
1315 2949 1430 3013 timore

242 3049 411 3132 efficiatur,
435 3062 603 3116 narrantes
626 3052 711 3116 inter
733 3073 767 3114 se
792 3051 931 3136 quodam
947 3050 1042 3116 modo
1057 3052 1211 3116 videntur
1227 3052 1429 3138 discrepare:

241 3151 411 3217 Colluthus
433 3153 565 3218 uberius
589 3155 668 3219 dicit
682 3155 833 3219 Paridem
857 3155 1039 3219 cantilenae
1063 3155 1169 3219 subito
1192 3155 1308 3219 fecisse
1331 3155 1429 3218 finem

240 3255 413 3342 fistulaque
437 3257 557 3341 fugisse
581 3259 730 3345 relictal)
753 3282 784 3322 ν.
810 3263 872 3329 124
895 3280 978 3344 sqq.:

372 3383 537 3464 δειμαίνων
562 3377 587 3446 δ’
612 3377 770 3467 ἀνόρουσε,
796 3384 879 3448 ἵλεων
905 3378 930 3447 δ’
955 3379 1090 3449 ἀλέεινεν
1116 3378 1257 3467 ὀπωπήν·

373 3483 429 3549 καί
451 3480 542 3570 χορὸν
567 3480 746 3551 εὐκελάδων
770 3481 910 3551 δονάκων
936 3485 985 3552 ἐπὶ
1009 3482 1108 3572 φηγὸν
1133 3487 1257 3572 ἐρείσας

368 3583 463 3671 μήπω
489 3584 591 3654 πολλοὶ
619 3590 784 3672 καμοῦσαν
810 3584 863 3672 ἑὴν
888 3585 1045 3673 ἀνέκοψεν
1070 3585 1188 3671 ἀοιδήν,

242 3703 326 3790 quae
360 3705 447 3790 apud
479 3705 634 3770 Ovidium
660 3705 751 3771 Paris
783 3704 955 3771 brevitatis
989 3727 1087 3770 causa
1120 3706 1170 3771 his
1203 3706 1314 3770 verbis
1349 3729 1433 3770 com-

240 3807 418 3894 prehendit
440 3833 472 3873 v.
496 3815 550 3877 67:

416 3930 567 4016 ‘obstipui
589 3930 779 4016 gelidusque
804 3951 911 3994 eomas
934 3941 1086 3995 erexerat
1108 3929 1239 3996 horror'.

329 4139 349 4205 1)
368 4138 406 4192 Cf.
426 4139 528 4194 Preller
552 4141 580 4195 in
598 4140 695 4194 Philol.
721 4139 771 4194 vol.
790 4142 803 4194 I
820 4157 846 4208 p.
864 4140 916 4193 512
935 4156 990 4208 sqq.
1016 4137 1059 4207 (z
1079 4140 1210 4208 ‘Ausgeu
1230 4138 1367 4193 Aufstttze'
1391 4139 1433 4191 ed.

242 4226 274 4278 R.
293 4225 393 4279 Ktbler
412 4243 437 4294 p.
457 4227 507 4279 117
527 4225 593 4294 sqq.)

327 4311 348 4372 2λ
368 4313 596 4380 Aut'ugiensParis
606 4314 633 4365 in
643 4313 712 4365 vasis
724 4329 827 4380 quoque
837 4314 923 4387 pictus
933 4319 985 4364 est:
996 4310 1027 4366 cf.
1038 4310 1219 4370 Luekenbach
1227 4313 1254 4365 in
1264 4310 1434 4367 Fleckeiseni

241 4399 339 4458 Annei.
358 4398 442 4468 suppl.
466 4396 506 4452 XI
525 4398 614 4464 (1880)
632 4415 658 4465 p.
678 4398 737 4458 593.
