3214 4854
728 303 942 368 -46,

245 471 419 534 Praeterea
449 491 522 532 curn
552 470 713 534 sententia
743 494 773 534 v.
807 477 868 540 154
895 471 1006 535 Ovidii
1036 473 1198 558 aptissime
1227 473 1316 538 locus
1347 493 1429 536 com-

245 583 385 660 paratur,
409 572 465 636 ubi
489 572 529 635 de
544 571 683 638 Medeae
706 583 776 638 arte
799 575 927 659 magica
941 597 1046 639 sermo
1063 585 1120 657 est,
1144 577 1206 664 Ap.
1223 576 1272 640 ΠΙ
1288 582 1349 644 531
1367 597 1428 660 sq.:

286 709 368 764 τοῖσι
385 697 443 781 (sc.
462 692 657 781 φαρμάκοις)
674 695 731 763 καὶ
749 693 932 781 ἀκαμάτοιο
950 694 1045 783 πυρὸς
1062 695 1229 782 μειλίσσετ’
1246 695 1368 785 ἀϋτμην

286 801 343 868 καὶ
365 795 560 883 ποταμοὺς
581 799 725 885 ἵστησιν
750 794 851 886 ἄφαρ
875 797 1079 868 κελαδεινὰ
1104 803 1301 885 ῥέονταςῑλ

328 935 442 1002 Vellus
472 935 612 1020 denique
642 955 776 1000 aureum
798 935 946 1001 Iasonem
973 936 1117 1023 rapuisse
1139 937 1226 1003 Naso
1249 937 1361 1022 paucis
1384 937 1428 1000 in·

244 1042 331 1104 dicat
353 1050 429 1102 met.
453 1062 484 1102 v.
511 1044 571 1108 156
596 1049 628 1102 et
651 1061 701 1125 ep.
725 1038 773 1103 VI
798 1045 853 1124 143
878 1039 997 1126 optime
1021 1051 1129 1105 autem
1151 1041 1185 1104 in
1209 1063 1258 1126 ep.
1279 1040 1347 1103 XII
1362 1039 1429 1103 Me-

245 1145 341 1209 deam
356 1143 450 1228 fingit
464 1143 582 1205 iterum
597 1142 803 1228 profitentem
819 1167 876 1208 suo
889 1144 1019 1226 auxilio,
1035 1142 1137 1207 utillo
1149 1143 1249 1230 spolio
1261 1145 1428 1228 potiretur,

246 1248 397 1312 effectum
422 1268 491 1310 esse
516 1270 545 1310 v.
571 1251 648 1314 108:
1285 1245 1288 1249 ’

450 1371 493 1430 ‘et
515 1365 584 1448 tibi,
607 1389 690 1451 quae
713 1389 853 1454 raperes,
877 1365 1001 1431 vellera
1023 1375 1093 1432 tuta
1116 1367 1211 1449 dedi,

243 1505 445 1591 eandemque
468 1503 661 1568 sententiam
683 1505 871 1592 Apollonius
893 1506 1012 1591 premit
1034 1505 1082 1568 IV
1107 1510 1167 1572 162
1190 1528 1270 1591 sqq:

398 1631 478 1694 ἕνῖλα
501 1625 527 1692 δ’
549 1622 566 1694 ὃ
591 1628 645 1712 μὲν
669 1622 806 1713 χρύσειον
831 1625 892 1695 ἀπὸ
918 1625 1009 1714 &prbr
1032 1629 1138 1694 αἴνυτο
1163 1628 1251 1703 κῶας

396 1727 515 1819 κούρης
537 1733 749 1814 κεκλομένης·
771 1726 791 1816 ἣ
816 1727 842 1794 δ’
866 1733 1001 1813 ἔμπεδον
1026 1731 1157 1814 ἑστηυῖα

397 1831 558 1922 φαρμάκῳ
584 1837 701 1919 ἕλοιεν
724 1829 825 1921 epar
847 1829 941 1920 κάρη·

187 2049 193 2054 .
327 1971 388 2034 His
417 1968 582 2034 laboribus
611 1967 764 2055 perfectis
795 1978 827 2032 et
856 1967 979 2032 vellere
1008 1977 1199 2054 recuperato
1229 1966 1324 2031 Iason
1355 1989 1427 2030 cum

241 2073 359 2136 Medea
390 2072 531 2136 abducta
562 2094 657 2158 quam
688 2071 857 2135 celerrime
888 2072 964 2135 navi
994 2071 1129 2156 aufugit.
1173 2071 1288 2156 Neque
1317 2070 1427 2156 inepte

241 2175 306 2240 huo
336 2188 486 2262 spectans
508 2176 598 2240 Hero
628 2184 759 2261 praeter
780 2175 928 2238 Helenae
960 2175 1145 2260 exemplum
1169 2173 1265 2237 etiarn
1289 2173 1427 2236 Medeae

242 2279 335 2343 affert
359 2303 408 2365 ep.
433 2279 512 2342 XIX
537 2284 599 2348 175
621 2302 681 2365 sq.:

397 2405 442 2464 ‘ut
464 2399 565 2464 semel
586 2400 719 2463 intravit
741 2397 880 2464 Colchos
902 2399 1085 2483 Pagasaeus
1109 2397 1213 2480 Iason,

503 2502 685 2588 impositam
709 2501 807 2566 celeri
829 2501 971 2566 Phasida
992 2525 1099 2589 puppe
1123 2501 1213 2565 tulit’.

242 2623 306 2703 Qui
335 2623 424 2688 locus
453 2622 516 2686 alia
546 2644 672 2709 quoque
704 2623 744 2686 de
776 2645 872 2686 causa
902 2625 1064 2687 mentione
1088 2623 1264 2708 perdignus
1286 2621 1425 2686 videtur.

240 2727 365 2792 Dubito
395 2726 481 2790 enim
509 2748 551 2790 an
575 2749 626 2808 eo,
658 2725 744 2812 quod
767 2725 856 2810 Argo
881 2726 960 2789 dicit
984 2725 1126 2790 celerem
1148 2747 1304 2812 puppem,
1332 2734 1426 2810 poeta

241 2853 305 2894 non
325 2830 426 2895 solum
444 2829 644 2894 celeritatem
660 2829 767 2912 fugae,
791 2829 849 2892 sed
866 2830 964 2893 etiam
979 2830 1087 2914 Argus
1102 2829 1238 2893 nominis
1254 2849 1350 2913 quam
1366 2826 1426 2890 sibi

240 2933 373 2996 finxerit
391 2932 620 3018 etymologiam
635 2932 775 3018 quodam
791 2932 886 2997 modo
902 2933 1085 3018 significare
1098 2932 1256 2996 videatur.
1278 2929 1425 3015 Namque

242 3045 345 3122 erant·
363 3036 449 3098 inter
481 3045 624 3118 veteres,
659 3035 714 3120 qui
747 3035 827 3098 illud
858 3059 975 3101 nomen
1004 3035 1191 3100 derivarent
1219 3057 1238 3097 e
1266 3031 1425 3098 vocabulo

243 3138 354 3227 ἀργός,
379 3137 465 3224 quod
487 3161 569 3203 voce
592 3137 692 3227 ταχύς
714 3138 1011 3224 interpretabantur
1034 3139 1087 3221 (cf.
1112 3137 1209 3203 Diod.
1233 3137 1280 3200 IV
1301 3141 1358 3217 41,
1382 3140 1422 3217 3).

241 3241 292 3305 Ac
315 3241 448 3306 fortasse
473 3243 571 3305 etiam
594 3240 647 3304 hic
664 3240 801 3304 Ovidius
816 3241 1022 3328 Apollonium
1046 3242 1211 3327 sequitur‚'
1224 3240 1278 3326 qui
1301 3248 1335 3302 et
1357 3238 1423 3324 ipse

242 3345 341 3408 semel
364 3345 453 3428 Argo
477 3344 666 3430 simpliciter
689 3343 770 3407 dicit
791 3350 852 3432 νῆα
874 3345 999 3434 boqrfl)

327 3447 394 3512 Sed
421 3449 484 3510 iam
510 3447 583 3512 finis
606 3458 655 3511 est
676 3445 844 3512 faciendus
866 3447 961 3513 huius
984 3447 1215 3513 dissertationis
1238 3447 1351 3533 partis:
1383 3467 1424 3506 ex

242 3552 288 3614 eis
323 3560 447 3632 autem,
479 3573 561 3637 quae
591 3550 813 3636 exposuimus,
849 3537 1040 3616 Ovidium
1071 3553 1112 3614 in
1142 3550 1216 3632 eis,
1247 3571 1347 3634 quae
1377 3546 1423 3609 de

327 3758 348 3825 ¹)
365 3756 441 3811 Idem
459 3757 573 3812 valuisse
585 3757 681 3812 Medea
699 3759 796 3811 dicitur
813 3766 874 3812 met.
892 3757 946 3813 VII
964 3760 1014 3812 199
1026 3775 1064 3827 sq.
1084 3766 1111 3812 et
1129 3775 1169 3826 ep.
1183 3756 1274 3824 11187,
1295 3757 1340 3826 qui
1353 3755 1424 3808 locus

242 3843 275 3911 (v.
294 3845 328 3896 88
346 3860 402 3912 sqq.
421 3843 479 3897 coll.
499 3860 539 3910 ep.
558 3841 613 3897 XII
632 3845 681 3898 163
700 3842 767 3913 sqq.)
790 3845 849 3898 ideo
872 3846 1004 3900 mentione
1028 3853 1069 3899 est
1090 3845 1199 3912 dignus,
1225 3842 1294 3912 quod
1317 3843 1350 3894 de
1369 3842 1423 3895 eius

242 3936 298 3983 arte
322 3931 419 3984 amoris
442 3928 577 3983 veneficiis
601 3931 759 3983 conciliandi
782 3946 869 3984 sermo
887 3929 929 3995 fit;
953 3930 985 3984 de
1004 3948 1056 3998 qua
1075 3931 1134 3998 vide
1153 3928 1306 3983 Hirschfeld
1325 3927 1366 3980 ‘de
1384 3927 1422 3979 in·

241 4018 415 4070 tentamentis
443 4023 469 4070 et
497 4015 705 4070 devinctionibus
732 4018 868 4070 amatoriis
895 4016 965 4084 apud
992 4017 1108 4070 Graecos
1133 4013 1333 4081 Romanosque,
1360 4011 1423 4065 dissi

242 4103 391 4170 Regimont.
405 4101 478 4158 1863.
506 4103 658 4156 Kalkmann
677 4103 718 4155 ‘de
730 4101 837 4169 Hippoi.
850 4103 953 4170 Eurip.’
966 4119 991 4170 p.
1005 4105 1038 4156 15
1050 4119 1106 4171 sqq.
1136 4101 1229 4154 Mallet
1247 4099 1422 4167 ‘quaestiones

241 4187 448 4256 Propertianae',
467 4187 529 4242 diss.
549 4187 667 4255 Gotting,
686 4188 753 4240 1882
770 4205 796 4255 p.
816 4187 856 4241 23.

325 4273 347 4343 ²)
365 4274 402 4328 IV
422 4275 478 4326 101.
517 4269 1261 4342 0f.etiamEtym.Magn,s.v.,flyg.asu.1137.
1297 4270 1370 4326 Serv.
1389 4271 1420 4325 ad

243 4360 320 4428 Verg.
340 4359 386 4414 ecl.
405 4361 429 4426 4,
448 4359 489 4414 34.
525 4357 626 4412 Preller
643 4359 761 4427 ‘mythol
780 4359 827 4427 gr?
846 4358 886 4412 ΙΙ3
903 4379 927 4428 p.
947 4361 998 4416 324
1017 4360 1076 4412 adn.
1096 4359 1120 4415 1.
