3242 4860
679 225 939 338 fiee-

329 439 466 504 Causam
500 451 608 506 autem
642 463 724 526 quae
758 440 855 504 fuerit
887 439 1010 503 itineris
1044 448 1140 502 antea
1171 439 1308 504 celatam
1336 439 1426 504 Paris

242 545 310 631 ipse
334 554 446 630 aperte
470 545 533 607 iam
556 544 637 608 dicit
659 544 746 630 apud
768 544 924 608 Ovidium
946 567 977 606 v.
1001 546 1041 610 27
1065 564 1128 628 sq.:

397 655 571 721 ‘attulimus
592 655 748 738 flammas,
772 678 837 720 non
860 654 914 718 hic
936 655 1119 718 invenimus
1140 653 1224 718 illas:

448 760 511 825 hae
534 759 613 824 mihi
635 769 710 824 tam
732 759 869 844 longae
893 779 1010 822 causa
1031 756 1122 821 fuere
1145 757 1250 840 viae',

244 889 276 944 et
297 879 443 966 pluribus
466 880 581 946 eodem
604 889 730 967 spectat
751 879 881 944 Helena
903 901 953 964 ep.
978 871 1072 942 XVII
1095 883 1115 946 ὃ
1138 899 1220 964 sqq.:

314 1011 319 1018 ⁴
372 991 507 1056 ‘scilicet
528 992 651 1061 idcirco
674 1000 833 1057 ventosa
854 1013 923 1078 per
946 1011 1112 1075 aequora
1135 998 1287 1054 vectum

448 1095 580 1180 excepit
601 1104 696 1181 portu
719 1094 875 1160 Taenaris
898 1116 955 1161 ora
977 1117 1043 1175 sue,

371 1219 432 1261 nec
454 1198 524 1279 tibi,
549 1197 678 1262 diversa
700 1200 846 1285 quamvis
869 1220 886 1261 e
910 1207 1008 1282 gente
1031 1196 1170 1276 venires,

449 1301 608 1388 oppositas
630 1300 745 1366 habuit
766 1302 859 1386 regia
881 1311 990 1365 nostra
1011 1297 1116 1380 fores,

244 1424 276 1477 et
298 1437 329 1477 v.
353 1418 393 1482 73
416 1436 430 1475 s
455 1437 478 1476 .:

301 1524 381 1611 ‘plus
403 1435 503 1588 millio
526 1533 584 1606 est,
608 1515 694 1609 quod
718 1513 815 1606 amas,
840 1524 1019 1610 quodsum
1041 1521 1101 1587 tibi
1124 1544 1221 1586 causa
1242 1521 1371 1604 laboris,

394 1627 481 1712 quod
503 1636 579 1691 tam
602 1650 669 1713 per
690 1628 824 1712 longas
847 1649 920 1712 spes
941 1635 998 1691 tua
1019 1627 1111 1690 venit
1134 1624 1271 1711 aquas',

243 1747 434 1832 quibuscum
463 1747 572 1811 verbis
601 1749 719 1834 optime
750 1757 883 1829 coeunt,
913 1769 996 1834 quae
1020 1745 1188 1811 Colluthus
1210 1745 1360 1810 Paridem
1384 1745 1429 1810 lo-

244 1862 395 1936 quentem
417 1849 511 1934 fingit
533 1873 564 1914 v.
589 1855 667 1920 297:
692 1849 847 1937 (Helena)

169 1953 170 1960 ἐ
351 1954 391 2048 ἧς
414 1965 517 2030 ἕνεκεν
540 1966 683 2052 τέτληκα
706 1965 762 2031 καί
785 1967 963 2051 οἴδματα
984 1961 1112 2032 τόσσα
1135 1965 1318 2050 περῆσαι.

241 2060 389 2169 Hospitio
401 2064 520 2164 autem,
533 2082 620 2166 quod
626 2067 756 2155 Helena
765 2083 927 2167 significat
934 2083 1020 2169 apud
1027 2082 1183 2148 Ovidium
1193 2105 1225 2145 v.
1234 2087 1263 2163 8,
1275 2079 1426 2145 Paridem

241 2187 274 2248 in
289 2185 432 2249 Menelai
455 2185 585 2250 domum
607 2195 777 2270 receptum
799 2209 869 2250 esse
890 2210 954 2258 uno
968 2186 1129 2252 vocabulo
1146 2186 1243 2250 etiam
1259 2181 1427 2249 Colluthus

242 2288 365 2352 indicat
387 2288 604 2374 compluribus
626 2288 714 2370 locis,
739 2288 796 2352 ubi
817 2289 872 2354 vel
887 2299 988 2356 totam
1004 2289 1154 2376 Spartam
1169 2288 1223 2353 vel
1238 2287 1427 2354 Atridarum

243 2391 373 2456 domum
388 2383 443 2455 vel
453 2391 638 2457 Menelaum
653 2392 758 2477 ipsum
774 2392 854 2458 dicit
867 2393 1035 2480 φιλύξεινον
1049 2392 1102 2474 (cf.
1112 2417 1144 2457 v.
1157 2397 1230 2460 236.
1243 2396 1315 2461 254.
1328 2396 1427 2474 318).

327 2495 502 2558 Affirmans
524 2517 602 2558 vero
626 2517 696 2559 sese
719 2496 834 2561 adosse
858 2497 991 2562 ductum
1014 2496 1056 2560 ab
1078 2499 1149 2583 ipsa
1170 2497 1311 2576 Venere,
1335 2495 1427 2557 cuius

241 2598 400 2683 imperata
429 2582 597 2684 despicere
620 2598 792 2663 scelestum
816 2601 872 2682 sit,
903 2600 994 2664 Paris
1015 2599 1194 2680 Helenam,
1225 2607 1261 2662 ut
1283 2620 1317 2660 se
1340 2595 1427 2660 lecto

241 2702 388 2787 recipiat,
411 2702 509 2765 variis
531 2701 611 2766 locis
633 2700 781 2766 hortatur
803 2712 900 2788 atque
923 2702 1074 2768 obsecrat
1089 2702 1150 2766 Ov.
1167 2725 1199 2765 v,
1216 2704 1267 2770 35.
1283 2705 1335 2768 41.
1355 2705 1427 2768 197.

241 2809 314 2874 281.
349 2811 438 2887 284„
473 2827 608 2891 quorum
624 2871 627 2876 ,
643 2828 716 2869 cum
751 2829 846 2870 sensu
882 2806 1071 2886 concinunt,
1104 2827 1187 2890 quae
1215 2804 1306 2867 Paris
1340 2801 1429 2889 apud

241 2906 427 2972 Oolluthum
451 2909 603 2993 exprimit
624 2931 655 2973 v.
679 2914 742 2980 298
765 2931 828 2995 sq.:

398 3024 486 3107 δεῦρο
510 3019 611 3106 γάμον
635 3020 830 3108 κεράσωμεν,
857 3023 924 3090 ἐπεὶ
945 3025 1109 3107 Keirpara
1131 3017 1266 3089 κελεύει·

398 3121 441 3211 μή
466 3150 505 3209 με
529 3122 776 3212 καταισχύνειας
799 3124 877 3211 ἐμὴν
901 3126 957 3192 καὶ
980 3123 1099 3212 Κύπριν
1123 3126 1263 3211 ἐλέγξῃς.

245 3241 343 3304 Cuius
365 3243 520 3306 sermonis
541 3243 638 3306 finem
662 3243 741 3330 facit
763 3243 813 3308 his
835 3243 945 3309 verbis
968 3249 1010 3327 (v.
1028 3249 1116 3325 300):
1141 3242 1198 3312 ούκ
1222 3247 1314 3330 ἐρέω·
1338 3245 1370 3310 τί
1393 3245 1430 3310 δὲ

243 3343 354 3412 τόσσον
379 3350 587 3435 ἐπισταμένην
611 3372 645 3414 σε
669 3347 803 3428 διδάξας,
827 3357 962 3432 quorum
986 3347 1146 3411 sententia
1168 3345 1255 3431 apud
1272 3344 1429 3409 Ovidium

243 3445 392 3529 feliciter,
415 3448 525 3530 utitur,
549 3459 585 3512 ut
606 3448 767 3513 Helenam
790 3451 907 3515 iterum
930 3453 1112 3535 iterumque
1135 3459 1205 3514 oret
1227 3471 1258 3512 v.
1282 3454 1346 3517 283
1362 3471 1428 3534 sq.:

330 3558 442 3624 ‘multa
465 3559 595 3645 quidem
618 3561 772 3645 subeunt3
798 3561 856 3626 sed
880 3586 988 3628 coram
1010 3572 1046 3626 ut
1068 3561 1161 3648 plura
1181 3560 1360 3647 loquamur,

398 3665 514 3749 excipe
536 3685 587 3727 mc
611 3663 696 3729 lecto
718 3675 813 3729 nocte
837 3665 952 3730 silente
977 3665 1051 3731 tuo’.

231 3769 351 3860 'Atque
376 3797 448 3839 cum
471 3775 590 3858 verbis
614 3775 729 3860 quibus
751 3777 901 3843 Menelao
924 3778 1011 3864 apud
1032 3777 1194 3841 Helenam
1218 3776 1430 3860 contemptio-

243 3899 317 3942 nem
340 3878 439 3942 affere
463 3878 533 3942 vult
555 3878 695 3944 Colluth.
718 3903 749 3943 v.
773 3884 852 3949 301:

268 4023 270 4027 ’
373 3989 468 4060 eicior
491 3990 561 4077 γάρ,
586 3988 629 4070 ὡς
650 3996 815 4071 Μενελασς
838 3992 1007 4072 ἀνάλκιδός
1030 3998 1097 4062 ἐστι
1120 3996 1284 4080 perefflua,

243 4103 422 4188 comparari
444 4101 522 4166 licet
546 4101 607 4180 Ov.
630 4127 662 4166 v.
685 4108 746 4171 357
771 4125 834 4188 sq.:
1117 4119 1119 4124 '

350 4211 420 4269 ‘nec
443 4205 514 4290 plus
535 4205 668 4270 Atrides
691 4207 788 4269 animi
809 4205 977 4270 Menelaus
999 4205 1145 4288 habebit,

397 4331 493 4393 quam
508 4308 608 4392 Paris,
633 4318 689 4372 aut
700 4310 796 4373 armis
812 4309 1041 4375 anteferendus
1058 4308 1128 4373 erit'
1141 4307 1376 4391 (aduocatio).
1386 4348 1434 4356 —-
