3214 4854
684 293 897 374 ..132-

217 516 218 519 ¹
256 550 258 555 ,
280 450 385 546 ’31111111
413 468 522 544 autem
545 478 742 562 Argonautis
765 478 906 563 receptis
928 477 1050 540 Veneri
1074 484 1107 540 et
1128 474 1275 540 Vulcano
1299 477 1384 542 facta

197 585 252 672 (cf.
276 584 339 670 Ap.
362 583 423 646 Rh.
449 589 509 652 857
535 580 699 668 sqq‚‚Val.
722 579 832 645 Flaoc.
856 585 918 649 329
942 603 1009 666 sqq.
1033 578 1113 646 Stat.
1137 585 1200 649 449
1223 581 1305 667 sqq.)
1328 589 1384 643 aut

197 688 375 752 certamina
404 687 437 750 in
467 683 623 750 Thoantis
653 683 809 749 honorem
839 706 858 747 a
886 683 1031 746 Lemniis
1062 683 1221 764 instituta,
1252 706 1335 770 quae
1366 707 1385 746 a

197 793 302 876 poetis
330 788 441 874 lyricis
471 787 631 852 celebrari
660 788 810 852 videmus
820 787 844 874 ³)
872 785 958 872 quod
981 785 1093 850 Ovidii
1114 784 1298 874 Hypsipyle
1320 811 1384 852 non
1495 808 1499 818 ¹

93 921 96 926 ¹
198 900 373 975 memorat,
396 914 491 956 nemo
516 899 604 956 certe
628 892 777 973 miretur,
801 889 962 976 quoniam,
987 911 1045 952 cur
1068 911 1107 952 ea
1128 899 1164 952 ut
1187 890 1318 954 minime
1342 891 1385 954 ad

197 995 402 1083 Hypsipylae
423 995 540 1060 merita
554 994 790 1080 perfidiamque
803 993 925 1056 Iasonis
940 993 1137 1077 pertinentia
1152 993 1383 1076 significentur,

199 1099 294 1186 plane
317 1097 400 1162 nihil
424 1107 481 1162 est.
597 1119 600 1125 ’

284 1203 402 1266 Lemni
419 1204 500 1266 cister
515 1203 661 1266 Iasonem
683 1215 712 1265 et
725 1203 868 1288 repelsam
882 1203 1012 1285 nuptias
1028 1201 1184 1286 leyrlcinas
1200 1201 1385 1266 concidentes

130 1319 132 1324 ’
198 1331 265 1370 esee
288 1305 426 1370 Ovidius
449 1304 558 1388 fingit3
586 1327 725 1391 namque
753 1314 786 1368 et
807 1304 970 1386 iasonem,
995 1327 1069 1366 cum
1094 1303 1245 1384 discedit,
1269 1303 1315 1367 illi
1339 1304 1384 1366 di·
1461 1375 1464 1382 ¹

200 1417 328 1473 centem
350 1407 444 1472 facit:
469 1408 529 1472 ‘vir
551 1418 625 1471 tuus
647 1407 724 1472 hinc
749 1406 839 1472 abeo'
864 1407 907 1494 (v.
926 1408 980 1494 60)
1005 1415 1038 1470 et
1056 1405 1274 1492 Hypsipylam
1295 1406 1384 1470 idem

199 1512 443 1576 confirmantem
466 1535 493 1575 1.
518 1517 577 1580 111
603 1533 665 1596 1111

354 1623 414 1686 ‘vir
436 1645 527 1686 meus
550 1623 627 1687 hinc
649 1623 743 1704 ieras,
766 1623 818 1686 vir
839 1645 904 1688 non
927 1643 1017 1686 meus
1039 1620 1115 1684 inde
1138 1619 1263 1686 redisti:

403 1727 464 1790 sim
485 1725 616 1790 reducis
640 1727 791 1808 coniunx,
815 1726 899 1789 sicut
922 1723 1027 1788 euntis
1051 1723 1159 1805 eram',

198 1857 298 1932 atque
318 1845 425 1910 lasoni
446 1847 480 1909 in
503 1847 692 1910 memoriam
715 1846 928 1910 reducentem
951 1841 1383 1932 ί001111111111111111111(ν.41);

199 1949 327 2034 nuptias
351 1949 490 2034 denique
514 1960 642 2034 paratas
666 1972 822 2014 essenon
845 1948 928 2012 lurto
953 1969 1068 2011 verum
1083 1947 1214 2012 Iunonis
1233 1949 1383 2033 auspiciis

199 2053 268 2137 ipsa
290 2053 403 2136 regina
426 2060 563 2115 testatm·
585 2075 615 2116 v.
639 2057 681 2120 43
705 2076 765 2139 sq.:
1379 2045 1381 2050 ’

355 2176 429 2235 ‘non
451 2194 512 2256 ego
536 2195 606 2236 sum
628 2173 712 2237 furto
735 2173 794 2237 tibi
816 2173 959 2256 cognita:
983 2137 1158 2258 pronuba
1180 2170 1261 2234 Iuno
1298 2240 1301 2245 ,

406 2275 509 2338 adfuit
531 2285 563 2339 et
586 2277 678 2340 sertis
701 2286 847 2362 tempora
868 2276 996 2340 vinctus
1019 2274 1170 2360 Hymen',

199 2395 317 2482 quibus
340 2405 454 2481 questa
476 2395 567 2459 addit
589 2419 621 2460 v.
643 2402 686 2466 45
708 2420 793 2483 sqq.:

240 2531 246 2538 ·
286 2520 329 2579 ‘at
351 2514 431 2579 mihi
452 2538 514 2579 nec
537 2515 637 2580 Iuno
661 2539 723 2580 nec
746 2517 920 2602 Hymen,
945 2515 1003 2580 sed
1025 2517 1123 2580 tristis
1142 2515 1293 2600 Erinys

236 2689 263 2706 Ι,
354 2619 546 2704 praetulit
568 2619 755 2708 infaustas
778 2619 1075 2702 sanguinolenta
1097 2619 1213 2682 faces.

285 2721 363 2807 quid
385 2721 466 2784 mihi
489 2744 563 2785 cum
585 2721 726 2808 Minyis?
749 2721 828 2808 quid
851 2744 925 2785 cum
947 2722 1120 2788 Dodonide
1143 2721 1244 2806 pinu?

216 2842 218 2846 ’
354 2824 432 2911 quid
454 2823 515 2888 tibi
537 2845 611 2888 cum
634 2825 748 2910 patria,
771 2825 882 2890 navita
905 2825 1024 2910 Tiphy,
1047 2824 1153 2889 mea‘?'

200 2943 326 3023 Quibus
355 2943 501 3009 distichis
530 2955 626 3030 poeta
653 2946 753 3009 utitur
777 2945 861 3036 τόπῳ
885 2946 1051 3009 rhetorum
1073 2966 1190 3030 nempe
1215 2944 1385 3030 disciplina

200 3047 340 3129 exculto,
357 3048 417 3110 oui
439 3045 617 3112 simillimus
639 3050 797 3136 repetitur
812 3049 846 3112 in
861 3071 911 3134 ep.
927 3048 970 3129 II,
994 3049 1050 3112 ubi
1065 3046 1190 3132 Phyllis
1207 3047 1247 3110 de
1263 3049 1383 3132 nuptiis

199 3149 560 3237 clamatv.117sqq.:
616 3144 618 3147 ⁵

354 3261 510 3347 ‘pronuba
533 3263 709 3348 Tisiphone
731 3263 882 3328 thalamis
905 3263 1042 3328 ululavit
1064 3264 1098 3327 in
1119 3261 1191 3344 illis,

405 3375 438 3430 et
460 3367 580 3429 cecinit
601 3376 760 3431 maestum
784 3367 881 3430 devia
903 3388 1036 3430 carmen
1059 3367 1136 3430 avis.

354 3468 458 3532 adfuit
479 3469 595 3534 Alecto
618 3467 773 3534 brevibus
795 3479 945 3558 torquata
968 3469 1108 3535 colubris

405 3581 542 3659 suntque
565 3572 738 3657 sepulcrali
759 3571 882 3637 lumina
902 3583 979 3637 nota
1000 3573 1091 3655 face’,
1158 3653 1160 3658 Ι

199 3715 304 3779 neque
329 3692 422 3755 aliter
445 3693 590 3779 queritur
611 3692 699 3758 Dido
723 3716 773 3779 ep.
796 3693 861 3758 VII
883 3700 925 3762 93
948 3716 1033 3780 sqq.:

355 3811 420 3874 ‘illa
443 3810 512 3876 dies
533 3813 653 3895 nocuit,
677 3837 740 3900 qua
762 3837 819 3878 nos
842 3813 970 3878 declive
994 3815 1053 3879 sub
1077 3824 1203 3878 antrum

405 3915 573 3980 caeruleus
596 3915 708 3981 subitis
733 3915 886 4002 compulit
899 3916 1015 3981 ¹imber
1037 3918 1136 4004 aquis.

354 4017 521 4082 audieram
544 4041 650 4101 voces,
674 4019 833 4105 nymphas
856 4019 994 4084 ululasse
1017 4022 1139 4106 putavi,

406 4120 657 4186 Eumenides
679 4122 771 4187 fatis
793 4124 885 4206 signa
909 4123 1030 4186 dedere
1053 4125 1152 4205 meis',

286 4277 306 4345 l)
332 4276 371 4330 ef.
396 4279 522 4331 Simonid.
544 4278 608 4346 lgm.
631 4278 681 4332 205
704 4279 824 4347 (Bergk).
861 4279 939 4332 Pind.
958 4280 1031 4346 pyth.
1051 4279 1090 4333 IV
1111 4280 1162 4333 252
1175 4297 1229 4348 sqq.
1254 4285 1280 4332 et
1302 4280 1382 4334 schol.

200 4381 223 4420 v.
235 4362 295 4418 450.
313 4363 407 4431 olymp.
426 4363 466 4416 IV
485 4363 586 4432 19sqq3
606 4365 673 4418 adde
692 4364 816 4418 Philostr.
835 4382 922 4433 gymn.
942 4367 965 4418 3.
