3214 4854
720 327 935 389 m.1ss..·..

411 492 549 577 ‘iainque
573 503 672 556 exuta
694 492 770 577 gelu
793 502 966 580 tepuerunt
988 492 1095 556 sidera
1117 492 1221 577 longis

410 593 529 660 solibus
559 606 591 659 et
614 593 711 660 velox
734 597 767 660 in
788 607 881 680 terga
903 595 1082 660 revolvitur
1105 596 1238 676 annus’,‘

235 731 277 794 ad
299 753 378 816 quos
400 755 513 796 versus
536 732 708 798 scholiasta
730 733 877 798 adnotat:
907 740 1001 798 ‘anno
1025 719 1418 798 continuataecohabita—
1508 731 1514 738 '

234 835 328 900 tionis
343 835 433 898 finito
446 858 489 901 ex
500 836 697 920 Argonautis
708 846 905 923 pepererunt
916 837 1112 902 Lemniades
1124 858 1243 902 novam
1255 835 1417 901 sobolem'
1533 847 1539 858 ‘

319 938 470 1026 Denique
495 938 645 1022 Ovidius,
675 941 730 1026 qui
759 939 980 1024 longissimum
1009 940 1164 1025 temporis
1193 940 1331 1027 spatium
1354 962 1418 1004 me·
1491 939 1495 948 ⁴
1532 933 1534 938 ¹

233 1052 337 1106 morat
344 1092 360 1123 ,.
383 1041 531 1107 Iasonem
561 1042 648 1130 apud
671 1043 887 1130 Hypsipylam
917 1043 996 1108 duos
1022 1067 1081 1131 per
1112 1066 1211 1108 annos
1234 1051 1418 1107 versantem

232 1147 391 1232 tertiaque
426 1147 557 1211 demum
590 1156 713 1211 aestate
748 1147 971 1212 discedentem
1003 1146 1095 1228 facit3
1130 1146 1210 1211 dicit
1226 1147 1329 1210 01111
1361 1135 1419 1210 illa

233 1273 264 1314 v.
287 1254 328 1319 56
352 1273 414 1336 sq.:
517 1281 519 1287 ⁸

505 1371 569 1435 ‘hic
592 1372 652 1435 tibi
674 1371 788 1458 bisque
812 1380 926 1457 aestas,
949 1371 1064 1458 bisque
1088 1372 1231 1435 cucurrit
1253 1370 1372 1454 111011ος

361 1474 458 1538 tertia
480 1475 591 1538 messis
614 1486 693 1557 erat,
718 1498 792 1540 cum
814 1485 850 1538 tu
873 1473 951 1538 dare
974 1474 1049 1539 vela
1072 1475 1211 1540 coactus'
1234 1497 1300 1563 eqs.

317 1629 473 1692 Videmus
496 1630 595 1714 igitur
618 1652 661 1693 ex
683 1629 832 1694 omnibus
854 1652 937 1716 quae
954 1619 1322 1720 attulimustestimoniis
1336 1637 1415 1692 tem-

231 1754 300 1817 pus,
324 1733 411 1817 quod
429 1732 638 1816 Argonautae
653 1732 770 1797 Lemni
794 1733 966 1814 duxerunt,
989 1735 1024 1797 in
1046 1733 1239 1819 scriptorum
1260 1732 1416 1796 memoria

230 1833 482 1921 haudquaquam
511 1838 670 1901 constanti
697 1837 821 1901 ratione
845 1836 1014 1901 definitum
1036 1837 1143 1902 fuisse.
1189 1835 1261 1915 Quo
1284 1834 1413 1924 accidit,

230 1948 266 2000 ut
293 1937 463 2019 Ovidium,
494 1961 567 2003 cum
597 1937 687 2004 velut
716 1948 827 2025 postea
853 1939 991 2004 Flaccus
1022 1949 1054 2004 et
1080 1939 1201 2004 Statius
1230 1960 1286 2002 suo
1314 1937 1414 2023 ipsius

230 2040 362 2104 arbitrio
379 2042 517 2127 spatium
533 2041 613 2118 illud
628 2043 781 2129 temporis
796 2042 922 2128 longius
938 2043 1055 2107 ceteris
1070 2043 1251 2129 producere
1263 2041 1414 2128 potuerit,

231 2167 270 2208 ea
291 2145 325 2208 in
347 2145 525 2209 mutatione
548 2144 704 2230 quosdam
728 2145 805 2210 alios
822 2145 993 2232 scriptores
1009 2145 1107 2210 hodie
1125 2143 1311 2230 deperditos
1326 2165 1415 2208 secu·

230 2259 298 2311 tum
322 2269 392 2311 0000
406 2248 429 2334 1)
452 2270 557 2333 paene
581 2247 767 2331 negandum
789 2250 839 2312 sit.
875 2248 948 2328 Qua
970 2250 1054 2313 1110
1070 2270 1134 2312 101
1150 2249 1217 2312 0110
1233 2257 1302 2312 arte
1318 2257 1414 2334 atque
1455 2287 1458 2296 ·

229 2351 360 2435 ingenio
390 2373 409 2414 a
435 2349 564 2415 fabulae
587 2351 726 2434 ratione,
754 2350 856 2438 qualis
880 2375 899 2416 a
921 2353 1024 2439 poetis
1046 2350 1205 2437 prioribus
1229 2349 1413 2430 exhibetur,

231 2454 375 2519 consulto
397 2455 542 2518 recessit.
586 2453 755 2540 Namque
779 2455 904 2540 longior
919 2456 1182 2540 Argonautarum
1206 2451 1412 2518 commoratio

229 2560 303 2640 fuit,
334 2580 372 2622 eo
400 2556 541 2621 firmiore
569 2558 751 2645 artioreque
774 2558 918 2641 vincula,
950 2581 988 2623 00
1011 2559 1132 2623 maiore
1155 2579 1264 2620 amore
1287 2555 1413 2619 maiori·
1512 2577 1521 2594 ·

229 2663 353 2748 busque
386 2661 509 2724 meritis
540 2683 611 2724 sese
642 2683 715 2725 cum
745 2661 860 2726 Iasone
891 2661 1096 2726 coniunctam
1126 2681 1195 2724 esse
1229 2657 1412 2744 Hypsipyle

230 2765 426 2829 contendere
456 2773 570 2849 potest.
615 2763 736 2828 Contra
757 2764 927 2850 Apollonio
957 2774 994 2828 ut
1016 2773 1131 2852 poetae
1155 2763 1246 2849 spico
1251 2811 1261 2843 ,
1292 2762 1412 2848 quippe

229 2870 284 2955 qui
317 2890 425 2931 rerum
458 2865 501 2930 ab
531 2867 727 2950 Argonautis
756 2868 872 2932 Lemni
905 2878 1070 2954 gestarum
1103 2865 1320 2930 narrationem
1354 2864 1413 2927 toti

228 2972 369 3058 poemati
399 2992 463 3034 non
492 2981 600 3056 posset
626 2972 831 3057 interponere
862 2973 923 3036 nisi
949 2993 1070 3058 parvae
1098 2968 1315 3053 digressionis
1329 2966 1411 3048 loco,

227 3074 308 3138 illud
336 3074 475 3159 spatium
504 3072 701 3159 amplificare
730 3097 795 3138 non
823 3074 952 3138 licuisse
983 3082 1131 3160 apertum
1161 3082 1222 3135 est:
1254 3092 1311 3133 suo
1340 3071 1410 3132 iure

227 3178 314 3242 idem
343 3176 498 3263 produxit
523 3186 620 3262 poeta
648 3198 811 3259 romanus,
842 3178 994 3264 quoniam
1021 3176 1253 3262 digressionem
1279 3171 1369 3236 illam
1392 3195 1409 3235 e

228 3290 345 3345 cuncto
378 3278 560 3343 fabularum
593 3281 874 3363 argonauticarum
905 3291 1033 3345 conexu
1062 3288 1247 3364 exemptam
1276 3287 1313 3340 ut
1341 3298 1411 3362 pro-

227 3385 330 3471 priam
351 3382 495 3447 fabulam
518 3381 674 3467 epistulae
696 3385 871 3448 amatoriae
893 3392 1121 3469 argumentum
1144 3405 1214 3446 esse
1230 3378 1332 3444 voluit
1346 3402 1412 3442 non

230 3488 358 3568 curatis,
382 3508 465 3572 quae
488 3494 600 3571 postea
622 3496 715 3570 gesta
737 3510 807 3552 esse
830 3488 1010 3552 traduntur.

313 3590 384 3654 Iam
405 3589 580 3653 dicendum
599 3598 648 3653 001
663 3589 704 3653 de
719 3589 790 3654 loco
806 3591 910 3676 poesis
926 3590 1101 3654 amatoriae
1118 3589 1290 3670 communi,
1314 3609 1410 3672 quem

228 3694 382 3776 Ovidius,
420 3702 456 3755 ut
489 3691 636 3756 similiter
669 3703 852 3758 ceterarum
884 3693 1045 3757 nonnullis
1084 3693 1143 3779 (cf.
1177 3691 1211 3754 II
1247 3695 1305 3759 111
1341 3713 1409 3777 sqq.

227 3799 275 3864 IV
300 3801 360 3866 163
384 3818 429 3881 sq.
464 3795 528 3859 VII
555 3797 614 3862 149
637 3797 717 3883 sq),
753 3798 798 3861 sic
832 3796 1056 3883 Hypsipyleae
1092 3816 1219 3882 quoque
1254 3791 1410 3878 epistulae

227 3902 362 3965 inseruit
378 3898 548 3962 artificiose
566 3919 757 3963 conversum
774 3923 817 3963 ex
831 3901 879 3982 iis,
895 3921 980 3986 quae
993 3899 1034 3963 ab
1046 3898 1218 3985 Apollonio
1229 3905 1408 3960 narrantur.

228 4006 353 4089 Regina
376 4004 462 4068 enim
484 4001 590 4065 100011
614 4001 722 4067 dotem
744 4003 901 4087 promittit
924 4027 955 4067 v.
982 4007 1060 4070 117:

322 4142 397 4206 '‘dos
418 4138 479 4203 tibi
500 4139 640 4203 Lemnos
662 4140 733 4222 erit,
757 4149 869 4204 terra
892 4140 1109 4224 ingeniosa
1131 4134 1303 4200 colenti’.

314 4386 334 4450 ¹)
352 4383 409 4436 Hoc
428 4381 564 4451 Lennepio
587 4382 621 4434 ad
640 4380 686 4467 01
705 4382 722 4434 l.
741 4382 757 4435 l.
777 4389 803 4436 et
821 4384 931 4436 Barthio
950 4382 984 4436 ad
1003 4381 1069 4434 Stat.
1089 4379 1172 4432 Theb.
1191 4377 1215 4430 V
1232 4377 1283 4431 461
1302 4377 1409 4483 placuit.
