<?xml version="1.0" encoding="UTF-8"?>
<!DOCTYPE html PUBLIC "-//W3C//DTD XHTML 1.0 Transitional//EN"
    "http://www.w3.org/TR/xhtml1/DTD/xhtml1-transitional.dtd">
<html xmlns="http://www.w3.org/1999/xhtml" xml:lang="en" lang="en">
 <head>
  <title>
</title>
<meta http-equiv="Content-Type" content="text/html;charset=utf-8" />
  <meta name='ocr-system' content='tesseract 3.04.00' />
  <meta name='ocr-capabilities' content='ocr_page ocr_carea ocr_par ocr_line ocrx_word'/>
</head>
<body>
  <div class='ocr_page' id='page_1' title='image "./analectaovidian00zlgoog_0061.png"; bbox 0 0 3214 4854; ppageno 0'>
   <div class='ocr_carea' id='block_1_1' title="bbox 700 341 916 406">
    <p class='ocr_par' dir='ltr' id='par_1_1' title="bbox 700 341 916 406">
     <span class='ocr_line' id='line_1_1' title="bbox 700 341 916 406; baseline 0 -22"><span class='ocrx_word' id='word_1_1' title='bbox 700 341 916 406; x_wconf 71' lang='lat' dir='ltr'>..5ss—</span> 
     </span>
    </p>
   </div>
   <div class='ocr_carea' id='block_1_2' title="bbox 305 507 1405 594">
    <p class='ocr_par' dir='ltr' id='par_1_2' title="bbox 305 507 1405 594">
     <span class='ocr_line' id='line_1_2' title="bbox 305 507 1405 594; baseline -0.003 -22"><span class='ocrx_word' id='word_1_2' title='bbox 305 510 455 592; x_wconf 85' lang='lat' dir='ltr'>altera,</span> <span class='ocrx_word' id='word_1_3' title='bbox 485 508 643 594; x_wconf 92' lang='lat' dir='ltr'>quomodo</span> <span class='ocrx_word' id='word_1_4' title='bbox 667 509 752 572; x_wconf 82' lang='lat' dir='ltr'>Iovis</span> <span class='ocrx_word' id='word_1_5' title='bbox 774 510 863 572; x_wconf 88' lang='lat' dir='ltr'>iussu</span> <span class='ocrx_word' id='word_1_6' title='bbox 884 509 975 572; x_wconf 88' lang='lat' dir='ltr'>Paris</span> <span class='ocrx_word' id='word_1_7' title='bbox 998 517 1106 593; x_wconf 87' lang='lat' dir='ltr'>pastor</span> <span class='ocrx_word' id='word_1_8' title='bbox 1130 507 1170 572; x_wconf 89' lang='lat' dir='ltr'>de</span> <span class='ocrx_word' id='word_1_9' title='bbox 1193 508 1323 572; x_wconf 88' lang='lat' dir='ltr'>Iunonis</span> <span class='ocrx_word' id='word_1_10' title='bbox 1345 507 1405 572; x_wconf 89' lang='lat' dir='ltr'>Mi-</span> 
     </span>
    </p>
   </div>
   <div class='ocr_carea' id='block_1_3' title="bbox 103 611 1404 698">
    <p class='ocr_par' dir='ltr' id='par_1_3' title="bbox 103 611 1404 698">
     <span class='ocr_line' id='line_1_3' title="bbox 103 611 1404 698; baseline -0.003 -21"><span class='ocrx_word' id='word_1_11' title='bbox 103 681 106 688; x_wconf 62' lang='lat'>,</span> <span class='ocrx_word' id='word_1_12' title='bbox 219 636 339 678; x_wconf 80' lang='lat' dir='ltr'>nervae</span> <span class='ocrx_word' id='word_1_13' title='bbox 361 613 499 677; x_wconf 89' lang='lat' dir='ltr'>Veneris</span> <span class='ocrx_word' id='word_1_14' title='bbox 529 612 662 676; x_wconf 89' lang='lat' dir='ltr'>dearum</span> <span class='ocrx_word' id='word_1_15' title='bbox 686 623 869 676; x_wconf 89' lang='lat' dir='ltr'>ornatarum</span> <span class='ocrx_word' id='word_1_16' title='bbox 892 611 1134 698; x_wconf 84' lang='lat' dir='ltr'>pulchritudine</span> <span class='ocrx_word' id='word_1_17' title='bbox 1157 612 1191 674; x_wconf 91' lang='lat' dir='ltr'>in</span> <span class='ocrx_word' id='word_1_18' title='bbox 1212 611 1273 674; x_wconf 85' lang='lat' dir='ltr'>lda</span> <span class='ocrx_word' id='word_1_19' title='bbox 1296 621 1404 674; x_wconf 89' lang='lat' dir='ltr'>monte</span> 
     </span>
    </p>
   </div>
   <div class='ocr_carea' id='block_1_4' title="bbox 217 716 1430 4006">
    <p class='ocr_par' dir='ltr' id='par_1_4' title="bbox 218 716 723 802">
     <span class='ocr_line' id='line_1_4' title="bbox 218 716 723 802; baseline -0.004 -23"><span class='ocrx_word' id='word_1_20' title='bbox 218 716 373 779; x_wconf 91' lang='lat' dir='ltr'>iudicium</span> <span class='ocrx_word' id='word_1_21' title='bbox 396 717 516 798; x_wconf 91' lang='lat' dir='ltr'>tulerit,</span> <span class='ocrx_word' id='word_1_22' title='bbox 541 716 723 802; x_wconf 78' lang='lat' dir='ltr'><strong>exponitur,</strong></span> 
     </span>
    </p>

    <p class='ocr_par' dir='ltr' id='par_1_5' title="bbox 305 818 1093 904">
     <span class='ocr_line' id='line_1_5' title="bbox 305 818 1093 904; baseline -0.001 -22"><span class='ocrx_word' id='word_1_23' title='bbox 305 821 431 884; x_wconf 88' lang='lat' dir='ltr'>tertia</span> <span class='ocrx_word' id='word_1_24' title='bbox 452 819 537 884; x_wconf 91' lang='lat' dir='ltr'>illius</span> <span class='ocrx_word' id='word_1_25' title='bbox 559 820 622 884; x_wconf 88' lang='lat' dir='ltr'>iter</span> <span class='ocrx_word' id='word_1_26' title='bbox 644 820 677 884; x_wconf 91' lang='lat' dir='ltr'>in</span> <span class='ocrx_word' id='word_1_27' title='bbox 701 818 873 884; x_wconf 80' lang='lat' dir='ltr'>Graeciam</span> <span class='ocrx_word' id='word_1_28' title='bbox 897 829 1093 904; x_wconf 88' lang='lat' dir='ltr'>susceptum,</span> 
     </span>
    </p>

    <p class='ocr_par' dir='ltr' id='par_1_6' title="bbox 219 911 1404 1111">
     <span class='ocr_line' id='line_1_6' title="bbox 304 911 1404 1009; baseline -0.001 -22"><span class='ocrx_word' id='word_1_29' title='bbox 304 933 465 1008; x_wconf 89' lang='lat' dir='ltr'>quarta,</span> <span class='ocrx_word' id='word_1_30' title='bbox 494 923 653 1009; x_wconf 92' lang='lat' dir='ltr'>quomodo</span> <span class='ocrx_word' id='word_1_31' title='bbox 676 923 825 988; x_wconf 81' lang='lat' dir='ltr'>Menelao</span> <span class='ocrx_word' id='word_1_32' title='bbox 849 911 994 987; x_wconf 83' lang='lat' dir='ltr'>absente¹</span> <span class='ocrx_word' id='word_1_33' title='bbox 1009 921 1185 1003; x_wconf 84' lang='lat' dir='ltr'>Helenam,</span> <span class='ocrx_word' id='word_1_34' title='bbox 1207 932 1243 985; x_wconf 93' lang='lat' dir='ltr'>ut</span> <span class='ocrx_word' id='word_1_35' title='bbox 1265 922 1326 986; x_wconf 89' lang='lat' dir='ltr'>sibi</span> <span class='ocrx_word' id='word_1_36' title='bbox 1350 922 1404 986; x_wconf 93' lang='lat' dir='ltr'>ob-</span> 
     </span>
     <span class='ocr_line' id='line_1_7' title="bbox 219 1027 669 1111; baseline 0.002 -22"><span class='ocrx_word' id='word_1_37' title='bbox 219 1036 418 1111; x_wconf 82' lang='lat' dir='ltr'>sequeretur,</span> <span class='ocrx_word' id='word_1_38' title='bbox 444 1027 669 1110; x_wconf 81' lang='lat' dir='ltr'>commoverit3</span> 
     </span>
    </p>

    <p class='ocr_par' dir='ltr' id='par_1_7' title="bbox 218 1120 1405 1422">
     <span class='ocr_line' id='line_1_8' title="bbox 304 1120 1404 1215; baseline -0.003 -22"><span class='ocrx_word' id='word_1_39' title='bbox 304 1131 448 1214; x_wconf 91' lang='lat' dir='ltr'>quinta</span> <span class='ocrx_word' id='word_1_40' title='bbox 471 1129 610 1215; x_wconf 88' lang='lat' dir='ltr'>denique</span> <span class='ocrx_word' id='word_1_41' title='bbox 631 1120 878 1194; x_wconf 89' lang='lat' dir='ltr'>lamentationes</span> <span class='ocrx_word' id='word_1_42' title='bbox 894 1129 1092 1194; x_wconf 86' lang='lat' dir='ltr'>Hermionae</span> <span class='ocrx_word' id='word_1_43' title='bbox 1114 1127 1243 1213; x_wconf 89' lang='lat' dir='ltr'>puellae</span> <span class='ocrx_word' id='word_1_44' title='bbox 1267 1151 1286 1190; x_wconf 90' lang='lat' dir='ltr'>a</span> <span class='ocrx_word' id='word_1_45' title='bbox 1301 1137 1404 1191; x_wconf 90' lang='lat' dir='ltr'>matre</span> 
     </span>
     <span class='ocr_line' id='line_1_9' title="bbox 219 1231 1405 1320; baseline -0.002 -24"><span class='ocrx_word' id='word_1_46' title='bbox 219 1233 367 1298; x_wconf 81' lang='lat' dir='ltr'>desertae</span> <span class='ocrx_word' id='word_1_47' title='bbox 396 1233 528 1297; x_wconf 91' lang='lat' dir='ltr'>uberius</span> <span class='ocrx_word' id='word_1_48' title='bbox 558 1232 795 1318; x_wconf 79' lang='lat' dir='ltr'>exprimuntur3</span> <span class='ocrx_word' id='word_1_49' title='bbox 825 1235 1047 1320; x_wconf 89' lang='lat' dir='ltr'>poematisque</span> <span class='ocrx_word' id='word_1_50' title='bbox 1075 1232 1174 1296; x_wconf 88' lang='lat' dir='ltr'>finem</span> <span class='ocrx_word' id='word_1_51' title='bbox 1203 1243 1300 1318; x_wconf 88' lang='lat' dir='ltr'>poeta</span> <span class='ocrx_word' id='word_1_52' title='bbox 1326 1231 1405 1295; x_wconf 85' lang='lat' dir='ltr'>facit</span> 
     </span>
     <span class='ocr_line' id='line_1_10' title="bbox 218 1333 1403 1422; baseline 0 -24"><span class='ocrx_word' id='word_1_53' title='bbox 218 1335 369 1400; x_wconf 86' lang='lat' dir='ltr'>indicatis</span> <span class='ocrx_word' id='word_1_54' title='bbox 391 1334 543 1422; x_wconf 87' lang='lat' dir='ltr'>periculis</span> <span class='ocrx_word' id='word_1_55' title='bbox 559 1333 677 1399; x_wconf 84' lang='lat' dir='ltr'>Troiae</span> <span class='ocrx_word' id='word_1_56' title='bbox 699 1337 774 1400; x_wconf 92' lang='lat' dir='ltr'>urbi</span> <span class='ocrx_word' id='word_1_57' title='bbox 797 1359 817 1400; x_wconf 89' lang='lat' dir='ltr'>e</span> <span class='ocrx_word' id='word_1_58' title='bbox 837 1337 963 1401; x_wconf 88' lang='lat' dir='ltr'>Paridis</span> <span class='ocrx_word' id='word_1_59' title='bbox 985 1337 1128 1400; x_wconf 85' lang='lat' dir='ltr'>facinore</span> <span class='ocrx_word' id='word_1_60' title='bbox 1151 1335 1403 1400; x_wconf 90' lang='lat' dir='ltr'>imminentibus.</span> 
     </span>
    </p>

    <p class='ocr_par' dir='ltr' id='par_1_8' title="bbox 217 1438 1406 2351">
     <span class='ocr_line' id='line_1_11' title="bbox 306 1438 1404 1524; baseline -0.002 -20"><span class='ocrx_word' id='word_1_61' title='bbox 306 1438 474 1504; x_wconf 80' lang='lat' dir='ltr'>Colluthus</span> <span class='ocrx_word' id='word_1_62' title='bbox 504 1449 612 1503; x_wconf 91' lang='lat' dir='ltr'>autem</span> <span class='ocrx_word' id='word_1_63' title='bbox 641 1450 678 1503; x_wconf 92' lang='lat' dir='ltr'>ut</span> <span class='ocrx_word' id='word_1_64' title='bbox 700 1439 847 1504; x_wconf 87' lang='lat' dir='ltr'>versibus</span> <span class='ocrx_word' id='word_1_65' title='bbox 871 1440 1117 1524; x_wconf 81' lang='lat' dir='ltr'>elegantissimis</span> <span class='ocrx_word' id='word_1_66' title='bbox 1139 1438 1312 1524; x_wconf 87' lang='lat' dir='ltr'>multisque</span> <span class='ocrx_word' id='word_1_67' title='bbox 1335 1460 1404 1502; x_wconf 90' lang='lat' dir='ltr'>sen-</span> 
     </span>
     <span class='ocr_line' id='line_1_12' title="bbox 219 1542 1404 1627; baseline -0.001 -22"><span class='ocrx_word' id='word_1_68' title='bbox 219 1543 327 1606; x_wconf 90' lang='lat' dir='ltr'>tentiis</span> <span class='ocrx_word' id='word_1_69' title='bbox 355 1543 397 1606; x_wconf 91' lang='lat' dir='ltr'>ad</span> <span class='ocrx_word' id='word_1_70' title='bbox 419 1543 541 1625; x_wconf 90' lang='lat' dir='ltr'>Nonni,</span> <span class='ocrx_word' id='word_1_71' title='bbox 572 1544 662 1606; x_wconf 88' lang='lat' dir='ltr'>cuius</span> <span class='ocrx_word' id='word_1_72' title='bbox 685 1542 948 1627; x_wconf 84' lang='lat' dir='ltr'>diligentissimus</span> <span class='ocrx_word' id='word_1_73' title='bbox 972 1542 1096 1608; x_wconf 88' lang='lat' dir='ltr'>assecla</span> <span class='ocrx_word' id='word_1_74' title='bbox 1117 1543 1226 1626; x_wconf 81' lang='lat' dir='ltr'>fuit1),</span> <span class='ocrx_word' id='word_1_75' title='bbox 1258 1564 1404 1606; x_wconf 90' lang='lat' dir='ltr'>normam</span> 
     </span>
     <span class='ocr_line' id='line_1_13' title="bbox 219 1644 1404 1733; baseline -0.002 -23"><span class='ocrx_word' id='word_1_76' title='bbox 219 1669 350 1710; x_wconf 89' lang='lat' dir='ltr'>carmen</span> <span class='ocrx_word' id='word_1_77' title='bbox 374 1647 567 1732; x_wconf 82' lang='lat' dir='ltr'>composuit,</span> <span class='ocrx_word' id='word_1_78' title='bbox 598 1646 643 1709; x_wconf 91' lang='lat' dir='ltr'>ita</span> <span class='ocrx_word' id='word_1_79' title='bbox 665 1647 699 1710; x_wconf 92' lang='lat' dir='ltr'>in</span> <span class='ocrx_word' id='word_1_80' title='bbox 721 1668 771 1728; x_wconf 93' lang='lat' dir='ltr'>re,</span> <span class='ocrx_word' id='word_1_81' title='bbox 805 1669 901 1733; x_wconf 88' lang='lat' dir='ltr'>quam</span> <span class='ocrx_word' id='word_1_82' title='bbox 924 1647 992 1732; x_wconf 89' lang='lat' dir='ltr'>ipse</span> <span class='ocrx_word' id='word_1_83' title='bbox 1014 1645 1128 1732; x_wconf 90' lang='lat' dir='ltr'>procul</span> <span class='ocrx_word' id='word_1_84' title='bbox 1150 1644 1249 1710; x_wconf 92' lang='lat' dir='ltr'>dubio</span> <span class='ocrx_word' id='word_1_85' title='bbox 1272 1668 1337 1709; x_wconf 92' lang='lat' dir='ltr'>non</span> <span class='ocrx_word' id='word_1_86' title='bbox 1359 1645 1404 1708; x_wconf 95' lang='lat' dir='ltr'>in-</span> 
     </span>
     <span class='ocr_line' id='line_1_14' title="bbox 217 1748 1403 1835; baseline -0.001 -23"><span class='ocrx_word' id='word_1_87' title='bbox 217 1751 323 1833; x_wconf 88' lang='lat' dir='ltr'>venit,</span> <span class='ocrx_word' id='word_1_88' title='bbox 357 1748 538 1814; x_wconf 85' lang='lat' dir='ltr'>enarranda</span> <span class='ocrx_word' id='word_1_89' title='bbox 569 1748 708 1814; x_wconf 90' lang='lat' dir='ltr'>eundem</span> <span class='ocrx_word' id='word_1_90' title='bbox 738 1751 926 1835; x_wconf 88' lang='lat' dir='ltr'>magistrum</span> <span class='ocrx_word' id='word_1_91' title='bbox 949 1750 1069 1814; x_wconf 88' lang='lat' dir='ltr'>imitari</span> <span class='ocrx_word' id='word_1_92' title='bbox 1092 1760 1181 1812; x_wconf 88' lang='lat' dir='ltr'>certe</span> <span class='ocrx_word' id='word_1_93' title='bbox 1204 1772 1269 1814; x_wconf 93' lang='lat' dir='ltr'>non</span> <span class='ocrx_word' id='word_1_94' title='bbox 1289 1749 1403 1834; x_wconf 89' lang='lat' dir='ltr'>potuit.</span> 
     </span>
     <span class='ocr_line' id='line_1_15' title="bbox 219 1851 1404 1939; baseline -0.003 -21"><span class='ocrx_word' id='word_1_95' title='bbox 219 1853 283 1918; x_wconf 86' lang='lat' dir='ltr'>Sed</span> <span class='ocrx_word' id='word_1_96' title='bbox 306 1854 437 1935; x_wconf 87' lang='lat' dir='ltr'>fontem,</span> <span class='ocrx_word' id='word_1_97' title='bbox 462 1876 479 1916; x_wconf 92' lang='lat' dir='ltr'>e</span> <span class='ocrx_word' id='word_1_98' title='bbox 504 1876 566 1939; x_wconf 94' lang='lat' dir='ltr'>quo</span> <span class='ocrx_word' id='word_1_99' title='bbox 587 1853 755 1917; x_wconf 90' lang='lat' dir='ltr'>materiam</span> <span class='ocrx_word' id='word_1_100' title='bbox 771 1853 888 1935; x_wconf 85' lang='lat' dir='ltr'>hausit,</span> <span class='ocrx_word' id='word_1_101' title='bbox 911 1851 1204 1916; x_wconf 86' lang='lat' dir='ltr'>alexandrinum</span> <span class='ocrx_word' id='word_1_102' title='bbox 1227 1853 1323 1917; x_wconf 84' lang='lat' dir='ltr'>fuisse</span> <span class='ocrx_word' id='word_1_103' title='bbox 1340 1874 1404 1915; x_wconf 92' lang='lat' dir='ltr'>non</span> 
     </span>
     <span class='ocr_line' id='line_1_16' title="bbox 217 1955 1405 2042; baseline -0.002 -23"><span class='ocrx_word' id='word_1_104' title='bbox 217 1957 417 2038; x_wconf 88' lang='lat' dir='ltr'>infitiabitur,</span> <span class='ocrx_word' id='word_1_105' title='bbox 441 1959 495 2042; x_wconf 93' lang='lat' dir='ltr'>qui</span> <span class='ocrx_word' id='word_1_106' title='bbox 514 1957 703 2022; x_wconf 88' lang='lat' dir='ltr'>Nonnianae</span> <span class='ocrx_word' id='word_1_107' title='bbox 727 1967 835 2022; x_wconf 88' lang='lat' dir='ltr'>sectae</span> <span class='ocrx_word' id='word_1_108' title='bbox 858 1967 971 2042; x_wconf 89' lang='lat' dir='ltr'>poetas</span> <span class='ocrx_word' id='word_1_109' title='bbox 993 1955 1237 2020; x_wconf 88' lang='lat' dir='ltr'>hellenistarum</span> <span class='ocrx_word' id='word_1_110' title='bbox 1260 1956 1405 2041; x_wconf 82' lang='lat' dir='ltr'>vestigiis</span> 
     </span>
     <span class='ocr_line' id='line_1_17' title="bbox 218 2058 1406 2147; baseline 0 -24"><span class='ocrx_word' id='word_1_111' title='bbox 218 2060 447 2124; x_wconf 88' lang='lat' dir='ltr'>studiosissime</span> <span class='ocrx_word' id='word_1_112' title='bbox 482 2061 629 2124; x_wconf 88' lang='lat' dir='ltr'>insistere</span> <span class='ocrx_word' id='word_1_113' title='bbox 663 2061 873 2146; x_wconf 88' lang='lat' dir='ltr'>reputaverit.</span> <span class='ocrx_word' id='word_1_114' title='bbox 883 2060 909 2147; x_wconf 77' lang='lat'>²)</span> <span class='ocrx_word' id='word_1_115' title='bbox 965 2058 1170 2145; x_wconf 78' lang='lat' dir='ltr'>Quamquam</span> <span class='ocrx_word' id='word_1_116' title='bbox 1205 2061 1275 2146; x_wconf 89' lang='lat' dir='ltr'>quis</span> <span class='ocrx_word' id='word_1_117' title='bbox 1307 2059 1406 2124; x_wconf 81' lang='lat' dir='ltr'>fuerit</span> 
     </span>
     <span class='ocr_line' id='line_1_18' title="bbox 218 2163 1406 2249; baseline 0.001 -24"><span class='ocrx_word' id='word_1_118' title='bbox 218 2174 347 2246; x_wconf 88' lang='lat' dir='ltr'>auctor,</span> <span class='ocrx_word' id='word_1_119' title='bbox 379 2164 454 2249; x_wconf 91' lang='lat' dir='ltr'>quia</span> <span class='ocrx_word' id='word_1_120' title='bbox 483 2165 666 2229; x_wconf 87' lang='lat' dir='ltr'>testimonia</span> <span class='ocrx_word' id='word_1_121' title='bbox 697 2165 829 2245; x_wconf 89' lang='lat' dir='ltr'>desunt,</span> <span class='ocrx_word' id='word_1_122' title='bbox 859 2185 946 2227; x_wconf 90' lang='lat' dir='ltr'>nunc</span> <span class='ocrx_word' id='word_1_123' title='bbox 970 2163 1101 2248; x_wconf 91' lang='lat' dir='ltr'>quidem</span> <span class='ocrx_word' id='word_1_124' title='bbox 1124 2163 1157 2225; x_wconf 92' lang='lat' dir='ltr'>in</span> <span class='ocrx_word' id='word_1_125' title='bbox 1179 2164 1287 2227; x_wconf 93' lang='lat' dir='ltr'>medio</span> <span class='ocrx_word' id='word_1_126' title='bbox 1310 2163 1406 2226; x_wconf 88' lang='lat' dir='ltr'>relin-</span> 
     </span>
     <span class='ocr_line' id='line_1_19' title="bbox 218 2265 544 2351; baseline 0.003 -21"><span class='ocrx_word' id='word_1_127' title='bbox 218 2265 383 2351; x_wconf 86' lang='lat' dir='ltr'>quendum</span> <span class='ocrx_word' id='word_1_128' title='bbox 404 2267 544 2332; x_wconf 87' lang='lat' dir='ltr'>videtur.</span> 
     </span>
    </p>

    <p class='ocr_par' dir='ltr' id='par_1_9' title="bbox 218 2368 1430 3903">
     <span class='ocr_line' id='line_1_20' title="bbox 304 2368 1405 2457; baseline -0.002 -23"><span class='ocrx_word' id='word_1_129' title='bbox 304 2368 510 2435; x_wconf 80' lang='lat' dir='ltr'>Collutheum</span> <span class='ocrx_word' id='word_1_130' title='bbox 534 2381 642 2436; x_wconf 89' lang='lat' dir='ltr'>autem</span> <span class='ocrx_word' id='word_1_131' title='bbox 666 2394 781 2457; x_wconf 87' lang='lat' dir='ltr'>poema</span> <span class='ocrx_word' id='word_1_132' title='bbox 803 2371 921 2435; x_wconf 89' lang='lat' dir='ltr'>iterum</span> <span class='ocrx_word' id='word_1_133' title='bbox 941 2372 1123 2456; x_wconf 88' lang='lat' dir='ltr'>iterumque</span> <span class='ocrx_word' id='word_1_134' title='bbox 1138 2369 1262 2454; x_wconf 91' lang='lat' dir='ltr'>legenti</span> <span class='ocrx_word' id='word_1_135' title='bbox 1276 2379 1405 2455; x_wconf 88' lang='lat' dir='ltr'>poetam</span> 
     </span>
     <span class='ocr_line' id='line_1_21' title="bbox 218 2471 1430 2560; baseline -0.001 -24"><span class='ocrx_word' id='word_1_136' title='bbox 218 2473 374 2536; x_wconf 85' lang='lat' dir='ltr'>brevitati</span> <span class='ocrx_word' id='word_1_137' title='bbox 402 2495 507 2558; x_wconf 87' lang='lat' dir='ltr'>paene</span> <span class='ocrx_word' id='word_1_138' title='bbox 537 2475 691 2539; x_wconf 89' lang='lat' dir='ltr'>molestae</span> <span class='ocrx_word' id='word_1_139' title='bbox 722 2474 882 2540; x_wconf 88' lang='lat' dir='ltr'>studuisse</span> <span class='ocrx_word' id='word_1_140' title='bbox 906 2497 1008 2560; x_wconf 92' lang='lat' dir='ltr'>eaque</span> <span class='ocrx_word' id='word_1_141' title='bbox 1033 2496 1129 2538; x_wconf 89' lang='lat' dir='ltr'>causa</span> <span class='ocrx_word' id='word_1_142' title='bbox 1150 2472 1223 2558; x_wconf 88' lang='lat' dir='ltr'>plus</span> <span class='ocrx_word' id='word_1_143' title='bbox 1246 2471 1346 2538; x_wconf 88' lang='lat' dir='ltr'>semel</span> <span class='ocrx_word' id='word_1_144' title='bbox 1368 2495 1430 2536; x_wconf 71' lang='lat' dir='ltr'>eov</span> 
     </span>
     <span class='ocr_line' id='line_1_22' title="bbox 218 2575 1406 2672; baseline -0.001 -33"><span class='ocrx_word' id='word_1_145' title='bbox 218 2577 411 2661; x_wconf 83' lang='lat' dir='ltr'>processisse</span> <span class='ocrx_word' id='word_1_146' title='bbox 433 2577 577 2642; x_wconf 89' lang='lat' dir='ltr'>notabile</span> <span class='ocrx_word' id='word_1_147' title='bbox 600 2577 646 2660; x_wconf 89' lang='lat' dir='ltr'>fit,</span> <span class='ocrx_word' id='word_1_148' title='bbox 670 2588 707 2642; x_wconf 90' lang='lat' dir='ltr'>ut</span> <span class='ocrx_word' id='word_1_149' title='bbox 728 2601 798 2642; x_wconf 91' lang='lat' dir='ltr'>rem</span> <span class='ocrx_word' id='word_1_150' title='bbox 820 2577 1089 2672; x_wconf 26' lang='lat' dir='ltr'>poetaelingenio</span> <span class='ocrx_word' id='word_1_151' title='bbox 1113 2577 1244 2640; x_wconf 88' lang='lat' dir='ltr'>minime</span> <span class='ocrx_word' id='word_1_152' title='bbox 1264 2575 1406 2660; x_wconf 79' lang='lat' dir='ltr'>dignam,</span> 
     </span>
     <span class='ocr_line' id='line_1_23' title="bbox 220 2680 1407 2766; baseline 0.001 -23"><span class='ocrx_word' id='word_1_153' title='bbox 220 2703 261 2744; x_wconf 88' lang='lat' dir='ltr'>ne</span> <span class='ocrx_word' id='word_1_154' title='bbox 292 2680 398 2745; x_wconf 87' lang='lat' dir='ltr'>dicam</span> <span class='ocrx_word' id='word_1_155' title='bbox 421 2681 593 2746; x_wconf 88' lang='lat' dir='ltr'>absurdam</span> <span class='ocrx_word' id='word_1_156' title='bbox 616 2693 672 2746; x_wconf 92' lang='lat' dir='ltr'>aut</span> <span class='ocrx_word' id='word_1_157' title='bbox 694 2682 875 2762; x_wconf 89' lang='lat' dir='ltr'>inficetam,</span> <span class='ocrx_word' id='word_1_158' title='bbox 907 2680 1091 2765; x_wconf 81' lang='lat' dir='ltr'>effingeret3</span> <span class='ocrx_word' id='word_1_159' title='bbox 1121 2703 1184 2744; x_wconf 87' lang='lat' dir='ltr'>nec</span> <span class='ocrx_word' id='word_1_160' title='bbox 1206 2680 1315 2744; x_wconf 88' lang='lat' dir='ltr'>facere</span> <span class='ocrx_word' id='word_1_161' title='bbox 1337 2701 1407 2766; x_wconf 89' lang='lat' dir='ltr'>pos-</span> 
     </span>
     <span class='ocr_line' id='line_1_24' title="bbox 221 2782 1406 2872; baseline -0.001 -24"><span class='ocrx_word' id='word_1_162' title='bbox 221 2808 306 2867; x_wconf 88' lang='lat' dir='ltr'>sum,</span> <span class='ocrx_word' id='word_1_163' title='bbox 342 2786 420 2870; x_wconf 90' lang='lat' dir='ltr'>quin</span> <span class='ocrx_word' id='word_1_164' title='bbox 452 2786 539 2849; x_wconf 91' lang='lat' dir='ltr'>omni</span> <span class='ocrx_word' id='word_1_165' title='bbox 569 2808 612 2850; x_wconf 85' lang='lat' dir='ltr'>ex</span> <span class='ocrx_word' id='word_1_166' title='bbox 639 2796 731 2871; x_wconf 90' lang='lat' dir='ltr'>parte</span> <span class='ocrx_word' id='word_1_167' title='bbox 762 2785 968 2872; x_wconf 88' lang='lat' dir='ltr'>comprobem</span> <span class='ocrx_word' id='word_1_168' title='bbox 998 2784 1207 2866; x_wconf 85' lang='lat' dir='ltr'>sententiam,</span> <span class='ocrx_word' id='word_1_169' title='bbox 1239 2805 1335 2869; x_wconf 91' lang='lat' dir='ltr'>quam</span> <span class='ocrx_word' id='word_1_170' title='bbox 1365 2782 1406 2847; x_wconf 90' lang='lat' dir='ltr'>de</span> 
     </span>
     <span class='ocr_line' id='line_1_25' title="bbox 219 2885 1406 2974; baseline 0 -24"><span class='ocrx_word' id='word_1_171' title='bbox 219 2887 274 2952; x_wconf 93' lang='lat' dir='ltr'>illo</span> <span class='ocrx_word' id='word_1_172' title='bbox 308 2888 461 2974; x_wconf 89' lang='lat' dir='ltr'>opusculo</span> <span class='ocrx_word' id='word_1_173' title='bbox 491 2888 686 2974; x_wconf 89' lang='lat' dir='ltr'>Bernhardy</span> <span class='ocrx_word' id='word_1_174' title='bbox 719 2889 739 2952; x_wconf 94' lang='lat' dir='ltr'>l.</span> <span class='ocrx_word' id='word_1_175' title='bbox 770 2888 790 2952; x_wconf 94' lang='lat' dir='ltr'>l.</span> <span class='ocrx_word' id='word_1_176' title='bbox 820 2913 851 2974; x_wconf 91' lang='lat' dir='ltr'>p.</span> <span class='ocrx_word' id='word_1_177' title='bbox 880 2891 942 2958; x_wconf 79' lang='lat'>401</span> <span class='ocrx_word' id='word_1_178' title='bbox 972 2887 1111 2973; x_wconf 85' lang='lat' dir='ltr'>profert:</span> <span class='ocrx_word' id='word_1_179' title='bbox 1147 2887 1273 2950; x_wconf 86' lang='lat' dir='ltr'>‘Dieses</span> <span class='ocrx_word' id='word_1_180' title='bbox 1306 2885 1406 2950; x_wconf 86' lang='lat' dir='ltr'>kahle</span> 
     </span>
     <span class='ocr_line' id='line_1_26' title="bbox 221 2989 1406 3075; baseline -0.003 -19"><span class='ocrx_word' id='word_1_181' title='bbox 221 2989 365 3056; x_wconf 78' lang='lat' dir='ltr'>Gedicht</span> <span class='ocrx_word' id='word_1_182' title='bbox 394 2993 482 3056; x_wconf 87' lang='lat' dir='ltr'>eines</span> <span class='ocrx_word' id='word_1_183' title='bbox 511 2993 646 3074; x_wconf 88' lang='lat' dir='ltr'>Autors,</span> <span class='ocrx_word' id='word_1_184' title='bbox 678 2992 737 3055; x_wconf 90' lang='lat' dir='ltr'>der</span> <span class='ocrx_word' id='word_1_185' title='bbox 765 2991 877 3056; x_wconf 83' lang='lat' dir='ltr'>weder</span> <span class='ocrx_word' id='word_1_186' title='bbox 906 3001 1036 3056; x_wconf 77' lang='lat' dir='ltr'>¹aussere</span> <span class='ocrx_word' id='word_1_187' title='bbox 1059 2990 1329 3075; x_wconf 88' lang='lat' dir='ltr'>Begebenheiten</span> <span class='ocrx_word' id='word_1_188' title='bbox 1359 3011 1406 3053; x_wconf 91' lang='lat' dir='ltr'>er-</span> 
     </span>
     <span class='ocr_line' id='line_1_27' title="bbox 220 3093 1404 3177; baseline 0 -21"><span class='ocrx_word' id='word_1_189' title='bbox 220 3093 335 3157; x_wconf 75' lang='lat' dir='ltr'>zahlen</span> <span class='ocrx_word' id='word_1_190' title='bbox 358 3095 425 3160; x_wconf 90' lang='lat' dir='ltr'>und</span> <span class='ocrx_word' id='word_1_191' title='bbox 446 3094 657 3160; x_wconf 88' lang='lat' dir='ltr'>anschaulich</span> <span class='ocrx_word' id='word_1_192' title='bbox 679 3095 819 3158; x_wconf 85' lang='lat' dir='ltr'>macheu</span> <span class='ocrx_word' id='word_1_193' title='bbox 837 3094 939 3177; x_wconf 86' lang='lat' dir='ltr'>kann,</span> <span class='ocrx_word' id='word_1_194' title='bbox 962 3094 1046 3159; x_wconf 92' lang='lat' dir='ltr'>noch</span> <span class='ocrx_word' id='word_1_195' title='bbox 1063 3093 1224 3158; x_wconf 88' lang='lat' dir='ltr'>erotisohe</span> <span class='ocrx_word' id='word_1_196' title='bbox 1239 3093 1404 3157; x_wconf 82' lang='lat' dir='ltr'>Zust’ande</span> 
     </span>
     <span class='ocr_line' id='line_1_28' title="bbox 220 3196 1403 3281; baseline 0 -21"><span class='ocrx_word' id='word_1_197' title='bbox 220 3196 375 3281; x_wconf 89' lang='lat' dir='ltr'>begrcift,</span> <span class='ocrx_word' id='word_1_198' title='bbox 403 3221 489 3262; x_wconf 90' lang='lat' dir='ltr'>muss</span> <span class='ocrx_word' id='word_1_199' title='bbox 511 3198 861 3262; x_wconf 78' lang='lat' dir='ltr'>hdchlichmissfallen</span> <span class='ocrx_word' id='word_1_200' title='bbox 884 3199 952 3262; x_wconf 90' lang='lat' dir='ltr'>und</span> <span class='ocrx_word' id='word_1_201' title='bbox 973 3198 1108 3262; x_wconf 89' lang='lat' dir='ltr'>verliert</span> <span class='ocrx_word' id='word_1_202' title='bbox 1131 3196 1209 3261; x_wconf 89' lang='lat' dir='ltr'>alles</span> <span class='ocrx_word' id='word_1_203' title='bbox 1232 3197 1403 3277; x_wconf 75' lang='lat' dir='ltr'>interesse,</span> 
     </span>
     <span class='ocr_line' id='line_1_29' title="bbox 220 3299 1406 3367; baseline -0.002 -3"><span class='ocrx_word' id='word_1_204' title='bbox 220 3323 316 3365; x_wconf 87' lang='lat' dir='ltr'>wenn</span> <span class='ocrx_word' id='word_1_205' title='bbox 338 3325 412 3366; x_wconf 85' lang='lat' dir='ltr'>man</span> <span class='ocrx_word' id='word_1_206' title='bbox 436 3302 528 3366; x_wconf 89' lang='lat' dir='ltr'>darin</span> <span class='ocrx_word' id='word_1_207' title='bbox 549 3300 641 3365; x_wconf 86' lang='lat' dir='ltr'>&#39;nicht</span> <span class='ocrx_word' id='word_1_208' title='bbox 665 3302 736 3366; x_wconf 91' lang='lat' dir='ltr'>eine</span> <span class='ocrx_word' id='word_1_209' title='bbox 752 3301 866 3367; x_wconf 85' lang='lat' dir='ltr'>Studio</span> <span class='ocrx_word' id='word_1_210' title='bbox 888 3303 956 3366; x_wconf 92' lang='lat' dir='ltr'>und</span> <span class='ocrx_word' id='word_1_211' title='bbox 971 3300 1217 3366; x_wconf 77' lang='lat' dir='ltr'>Schiilerarbeit</span> <span class='ocrx_word' id='word_1_212' title='bbox 1238 3299 1324 3364; x_wconf 87' lang='lat' dir='ltr'>nach</span> <span class='ocrx_word' id='word_1_213' title='bbox 1348 3300 1406 3363; x_wconf 91' lang='lat' dir='ltr'>der</span> 
     </span>
     <span class='ocr_line' id='line_1_30' title="bbox 220 3403 1406 3489; baseline 0 -23"><span class='ocrx_word' id='word_1_214' title='bbox 220 3403 376 3469; x_wconf 87' lang='lat' dir='ltr'>Methode</span> <span class='ocrx_word' id='word_1_215' title='bbox 408 3404 464 3468; x_wconf 87' lang='lat' dir='ltr'>des</span> <span class='ocrx_word' id='word_1_216' title='bbox 494 3404 627 3468; x_wconf 89' lang='lat' dir='ltr'>Nonnus</span> <span class='ocrx_word' id='word_1_217' title='bbox 657 3405 757 3487; x_wconf 87' lang='lat' dir='ltr'>sieht,</span> <span class='ocrx_word' id='word_1_218' title='bbox 788 3405 905 3470; x_wconf 84' lang='lat' dir='ltr'>dassen</span> <span class='ocrx_word' id='word_1_219' title='bbox 935 3403 1216 3489; x_wconf 88' lang='lat' dir='ltr'>Wortgebrauch,</span> <span class='ocrx_word' id='word_1_220' title='bbox 1246 3403 1406 3468; x_wconf 84' lang='lat' dir='ltr'>Rhetorik</span> 
     </span>
     <span class='ocr_line' id='line_1_31' title="bbox 220 3505 1405 3593; baseline 0 -23"><span class='ocrx_word' id='word_1_221' title='bbox 220 3505 287 3570; x_wconf 92' lang='lat' dir='ltr'>und</span> <span class='ocrx_word' id='word_1_222' title='bbox 316 3507 466 3572; x_wconf 87' lang='lat' dir='ltr'>Versbau</span> <span class='ocrx_word' id='word_1_223' title='bbox 494 3507 625 3593; x_wconf 88' lang='lat' dir='ltr'>kopiert</span> <span class='ocrx_word' id='word_1_224' title='bbox 653 3507 786 3572; x_wconf 88' lang='lat' dir='ltr'>werden</span> <span class='ocrx_word' id='word_1_225' title='bbox 808 3556 814 3572; x_wconf 92' lang='lat'>.</span> <span class='ocrx_word' id='word_1_226' title='bbox 840 3557 847 3572; x_wconf 92' lang='lat'>.</span> <span class='ocrx_word' id='word_1_227' title='bbox 873 3557 879 3571; x_wconf 93' lang='lat'>.</span> <span class='ocrx_word' id='word_1_228' title='bbox 925 3507 1004 3572; x_wconf 87' lang='lat' dir='ltr'>Sind</span> <span class='ocrx_word' id='word_1_229' title='bbox 1033 3506 1114 3571; x_wconf 90' lang='lat' dir='ltr'>aber</span> <span class='ocrx_word' id='word_1_230' title='bbox 1144 3506 1228 3570; x_wconf 89' lang='lat' dir='ltr'>auch</span> <span class='ocrx_word' id='word_1_231' title='bbox 1250 3506 1405 3572; x_wconf 89' lang='lat' dir='ltr'>Reminis-</span> 
     </span>
     <span class='ocr_line' id='line_1_32' title="bbox 221 3608 1405 3696; baseline 0 -24"><span class='ocrx_word' id='word_1_232' title='bbox 221 3632 343 3674; x_wconf 86' lang='lat' dir='ltr'>cenzen</span> <span class='ocrx_word' id='word_1_233' title='bbox 366 3633 407 3673; x_wconf 89' lang='lat' dir='ltr'>an</span> <span class='ocrx_word' id='word_1_234' title='bbox 422 3610 555 3675; x_wconf 87' lang='lat' dir='ltr'>Nonnus</span> <span class='ocrx_word' id='word_1_235' title='bbox 571 3610 820 3696; x_wconf 63' lang='lat' dir='ltr'>&#39;ubernriegend</span> <span class='ocrx_word' id='word_1_236' title='bbox 845 3634 878 3675; x_wconf 88' lang='lat' dir='ltr'>so</span> <span class='ocrx_word' id='word_1_237' title='bbox 902 3611 982 3676; x_wconf 89' lang='lat' dir='ltr'>hebt</span> <span class='ocrx_word' id='word_1_238' title='bbox 997 3611 1053 3674; x_wconf 91' lang='lat' dir='ltr'>ihn</span> <span class='ocrx_word' id='word_1_239' title='bbox 1069 3609 1154 3674; x_wconf 91' lang='lat' dir='ltr'>doch</span> <span class='ocrx_word' id='word_1_240' title='bbox 1171 3609 1229 3673; x_wconf 94' lang='lat' dir='ltr'>der</span> <span class='ocrx_word' id='word_1_241' title='bbox 1243 3608 1405 3673; x_wconf 88' lang='lat' dir='ltr'>Nachhall</span> 
     </span>
     <span class='ocr_line' id='line_1_33' title="bbox 220 3712 1405 3800; baseline 0.001 -24"><span class='ocrx_word' id='word_1_242' title='bbox 220 3713 276 3778; x_wconf 88' lang='lat' dir='ltr'>des</span> <span class='ocrx_word' id='word_1_243' title='bbox 291 3713 441 3797; x_wconf 89' lang='lat' dir='ltr'>Musters,</span> <span class='ocrx_word' id='word_1_244' title='bbox 466 3714 525 3778; x_wconf 94' lang='lat' dir='ltr'>der</span> <span class='ocrx_word' id='word_1_245' title='bbox 538 3714 652 3778; x_wconf 87' lang='lat' dir='ltr'>Prunk</span> <span class='ocrx_word' id='word_1_246' title='bbox 674 3715 741 3778; x_wconf 93' lang='lat' dir='ltr'>und</span> <span class='ocrx_word' id='word_1_247' title='bbox 755 3715 866 3800; x_wconf 85' lang='lat' dir='ltr'>Klang</span> <span class='ocrx_word' id='word_1_248' title='bbox 885 3715 991 3778; x_wconf 89' lang='lat' dir='ltr'>seiner</span> <span class='ocrx_word' id='word_1_249' title='bbox 1005 3714 1160 3798; x_wconf 85' lang='lat' dir='ltr'>Figuren,</span> <span class='ocrx_word' id='word_1_250' title='bbox 1183 3713 1250 3777; x_wconf 89' lang='lat' dir='ltr'>und</span> <span class='ocrx_word' id='word_1_251' title='bbox 1265 3712 1405 3777; x_wconf 92' lang='lat' dir='ltr'>manche</span> 
     </span>
     <span class='ocr_line' id='line_1_34' title="bbox 219 3816 1105 3903; baseline 0.001 -23"><span class='ocrx_word' id='word_1_252' title='bbox 219 3816 397 3902; x_wconf 89' lang='lat' dir='ltr'>Wendung</span> <span class='ocrx_word' id='word_1_253' title='bbox 420 3818 546 3903; x_wconf 88' lang='lat' dir='ltr'>erlangt</span> <span class='ocrx_word' id='word_1_254' title='bbox 567 3818 747 3884; x_wconf 88' lang='lat' dir='ltr'>hierdurch</span> <span class='ocrx_word' id='word_1_255' title='bbox 769 3819 899 3902; x_wconf 88' lang='lat' dir='ltr'>einigen</span> <span class='ocrx_word' id='word_1_256' title='bbox 921 3817 1105 3902; x_wconf 81' lang='lat' dir='ltr'>Sohwung&#39;.</span> 
     </span>
    </p>

    <p class='ocr_par' dir='ltr' id='par_1_10' title="bbox 307 3920 1404 4006">
     <span class='ocr_line' id='line_1_35' title="bbox 307 3920 1404 4006; baseline -0.001 -22"><span class='ocrx_word' id='word_1_257' title='bbox 307 3920 403 4000; x_wconf 76' lang='lat' dir='ltr'>Quod</span> <span class='ocrx_word' id='word_1_258' title='bbox 432 3923 459 3985; x_wconf 89' lang='lat' dir='ltr'>si</span> <span class='ocrx_word' id='word_1_259' title='bbox 488 3933 578 3986; x_wconf 87' lang='lat' dir='ltr'>recto</span> <span class='ocrx_word' id='word_1_260' title='bbox 608 3922 779 4003; x_wconf 88' lang='lat' dir='ltr'>sehabet,</span> <span class='ocrx_word' id='word_1_261' title='bbox 810 3921 995 3985; x_wconf 77' lang='lat' dir='ltr'>Colluthum</span> <span class='ocrx_word' id='word_1_262' title='bbox 1018 3920 1223 4002; x_wconf 87' lang='lat' dir='ltr'>narrationis,</span> <span class='ocrx_word' id='word_1_263' title='bbox 1253 3942 1350 4006; x_wconf 86' lang='lat' dir='ltr'>quam</span> <span class='ocrx_word' id='word_1_264' title='bbox 1371 3922 1404 3984; x_wconf 93' lang='lat' dir='ltr'>in</span> 
     </span>
    </p>
   </div>
   <div class='ocr_carea' id='block_1_5' title="bbox 220 4019 1404 4111">
    <p class='ocr_par' dir='ltr' id='par_1_11' title="bbox 220 4019 1404 4111">
     <span class='ocr_line' id='line_1_36' title="bbox 220 4019 1404 4111; baseline 0.001 -24"><span class='ocrx_word' id='word_1_265' title='bbox 220 4024 399 4111; x_wconf 86' lang='lat' dir='ltr'>exemplari</span> <span class='ocrx_word' id='word_1_266' title='bbox 422 4023 633 4091; x_wconf 85' lang='lat' dir='ltr'>alexandrino</span> <span class='ocrx_word' id='word_1_267' title='bbox 655 4025 750 4111; x_wconf 89' lang='lat' dir='ltr'>legit,</span> <span class='ocrx_word' id='word_1_268' title='bbox 780 4019 944 4111; x_wconf 89' lang='lat' dir='ltr'>tamquam</span> <span class='ocrx_word' id='word_1_269' title='bbox 969 4025 1214 4111; x_wconf 88' lang='lat' dir='ltr'>epitomatorem</span> <span class='ocrx_word' id='word_1_270' title='bbox 1236 4023 1294 4088; x_wconf 84' lang='lat' dir='ltr'>vix</span> <span class='ocrx_word' id='word_1_271' title='bbox 1318 4024 1404 4110; x_wconf 92' lang='lat' dir='ltr'>quic-</span> 
     </span>
    </p>
   </div>
   <div class='ocr_carea' id='block_1_6' title="bbox 218 4231 1404 4474">
    <p class='ocr_par' dir='ltr' id='par_1_12' title="bbox 218 4231 1404 4474">
     <span class='ocr_line' id='line_1_37' title="bbox 307 4231 1404 4303; baseline 0 -16"><span class='ocrx_word' id='word_1_272' title='bbox 307 4233 328 4300; x_wconf 90' lang='lat'>¹)</span> <span class='ocrx_word' id='word_1_273' title='bbox 347 4231 385 4289; x_wconf 81' lang='lat' dir='ltr'>Oi.</span> <span class='ocrx_word' id='word_1_274' title='bbox 400 4231 556 4302; x_wconf 87' lang='lat' dir='ltr'>Bernhardy</span> <span class='ocrx_word' id='word_1_275' title='bbox 570 4235 638 4288; x_wconf 85' lang='lat' dir='ltr'>‘hist</span> <span class='ocrx_word' id='word_1_276' title='bbox 652 4235 703 4289; x_wconf 86' lang='lat' dir='ltr'>litt.</span> <span class='ocrx_word' id='word_1_277' title='bbox 716 4235 764 4302; x_wconf 79' lang='lat' dir='ltr'>gu&#39;</span> <span class='ocrx_word' id='word_1_278' title='bbox 777 4232 818 4288; x_wconf 81' lang='lat'>11³</span> <span class='ocrx_word' id='word_1_279' title='bbox 831 4236 845 4287; x_wconf 91' lang='lat'>1</span> <span class='ocrx_word' id='word_1_280' title='bbox 858 4252 884 4303; x_wconf 92' lang='lat' dir='ltr'>p.</span> <span class='ocrx_word' id='word_1_281' title='bbox 896 4233 957 4287; x_wconf 86' lang='lat'>401.</span> <span class='ocrx_word' id='word_1_282' title='bbox 976 4231 1084 4288; x_wconf 83' lang='lat' dir='ltr'>Godofr.</span> <span class='ocrx_word' id='word_1_283' title='bbox 1096 4232 1234 4286; x_wconf 88' lang='lat' dir='ltr'>Hermann</span> <span class='ocrx_word' id='word_1_284' title='bbox 1247 4234 1355 4302; x_wconf 83' lang='lat' dir='ltr'>‘opusc&#39;</span> <span class='ocrx_word' id='word_1_285' title='bbox 1364 4231 1404 4287; x_wconf 90' lang='lat' dir='ltr'>IV</span> 
     </span>
     <span class='ocr_line' id='line_1_38' title="bbox 218 4319 687 4388; baseline 0 -16"><span class='ocrx_word' id='word_1_286' title='bbox 218 4336 244 4386; x_wconf 91' lang='lat' dir='ltr'>p.</span> <span class='ocrx_word' id='word_1_287' title='bbox 262 4320 314 4374; x_wconf 78' lang='lat'>208</span> <span class='ocrx_word' id='word_1_288' title='bbox 333 4326 359 4374; x_wconf 90' lang='lat' dir='ltr'>et</span> <span class='ocrx_word' id='word_1_289' title='bbox 377 4319 483 4388; x_wconf 88' lang='lat' dir='ltr'>Orphic.</span> <span class='ocrx_word' id='word_1_290' title='bbox 503 4319 564 4375; x_wconf 88' lang='lat' dir='ltr'>edit.</span> <span class='ocrx_word' id='word_1_291' title='bbox 584 4337 609 4387; x_wconf 91' lang='lat' dir='ltr'>p.</span> <span class='ocrx_word' id='word_1_292' title='bbox 629 4321 687 4373; x_wconf 84' lang='grc'>690.</span> 
     </span>
     <span class='ocr_line' id='line_1_39' title="bbox 304 4404 802 4474; baseline 0.008 -16"><span class='ocrx_word' id='word_1_293' title='bbox 304 4404 325 4471; x_wconf 71' lang='lat'>2)</span> <span class='ocrx_word' id='word_1_294' title='bbox 345 4404 383 4458; x_wconf 83' lang='lat' dir='ltr'>Of.</span> <span class='ocrx_word' id='word_1_295' title='bbox 403 4405 495 4459; x_wconf 86' lang='lat' dir='ltr'>Rohdc</span> <span class='ocrx_word' id='word_1_296' title='bbox 515 4405 634 4459; x_wconf 86' lang='lat' dir='ltr'>‘Roman&#39;</span> <span class='ocrx_word' id='word_1_297' title='bbox 653 4422 677 4472; x_wconf 90' lang='lat' dir='ltr'>p.</span> <span class='ocrx_word' id='word_1_298' title='bbox 697 4408 744 4459; x_wconf 79' lang='lat'>131</span> <span class='ocrx_word' id='word_1_299' title='bbox 765 4423 802 4474; x_wconf 88' lang='lat' dir='ltr'>sq.</span> 
     </span>
    </p>
   </div>
   <div class='ocr_carea' id='block_1_7' title="bbox 0 0 1612 4854">
    <p class='ocr_par' dir='ltr' id='par_1_13' title="bbox 0 0 1612 4854">
     <span class='ocr_line' id='line_1_40' title="bbox 0 0 1612 4854; baseline 0 0"><span class='ocrx_word' id='word_1_300' title='bbox 0 0 1612 4854; x_wconf 95' lang='lat' dir='ltr'> </span> 
     </span>
    </p>
   </div>
  </div>
 </body>
</html>
