3242 4860
482 290 888 406 “nor-

189 507 256 572 Sed
279 507 305 571 si
328 529 439 572 eorum
461 529 613 572 versuum
635 510 846 595 posteriorem
870 511 1046 593 genuinum
1070 533 1140 576 esse
1164 533 1238 575 cum
1254 511 1371 576 Aristo·

189 612 262 676 nico
273 612 298 699 1)
321 633 442 694 negare
465 611 577 694 marie,
602 613 743 678 omnium
765 613 886 699 primus
910 614 1054 678 eiusdem
1076 615 1125 677 rei
1141 615 1230 679 testis
1245 614 1375 680 videtur

189 737 259 780 esse
287 713 508 798 Stesichorus,
543 738 640 802 quem
667 716 701 780 in
730 715 878 780 Leschae
907 715 1090 804 Delphicae
1120 717 1277 802 imagine,
1312 741 1375 806 qua

189 819 305 884 Troiae
335 817 500 883 excidium
531 819 694 906 depictum
723 819 800 901 fuit,
832 819 1048 885 describenda
1076 820 1251 886 Pausanias
1282 823 1375 888 affert

189 923 234 1012 (X
259 927 301 990 26
312 972 321 1004 ,
347 923 396 1010 1);
435 927 495 992 τῶν
530 927 683 1010 γυναικῶν
717 927 778 992 τῶν
815 921 934 1010 μεταξὺ
968 927 1028 1012 τῆς
1061 923 1096 994 τέ
1127 928 1286 1014 strpere
1319 929 1375 995 uui

188 1025 355 1115 Νέστορος
379 1029 452 1094 εἰσιν
478 1025 600 1096 droise
623 1024 741 1095 τούτων
765 1025 961 1115 αἰχμάλωτοι
983 1028 1039 1095 καὶ
1059 1019 1163 1109 αὗται,
1187 1034 1373 1120 Κλυμένη

189 1160 225 1200 τε
255 1131 311 1198 καὶ
342 1133 489 1218 Κρέουσα
519 1130 575 1199 καὶ
601 1128 817 1219 Ἀριστομάχη
848 1131 904 1198 καὶ
927 1133 1088 1220 Ξενοδίκη.
1122 1137 1287 1222 Κλυμένην
1318 1136 1374 1220 μὲν

189 1226 239 1304 οὖν
261 1227 496 1321 Στησίχορος
520 1239 550 1300 έν
577 1232 672 1301 Ἰλίου
696 1237 818 1322 nepai&
840 1237 1082 1323 κατημίῖῑμηκον
1107 1239 1138 1302 έν
1161 1247 1235 1314 ταῖς
1258 1239 1371 1324 αἰχμα-

187 1337 308 1416 λώτοις.
347 1335 443 1416 Quod
466 1359 540 1400 cum
562 1337 609 1400 ita
631 1337 680 1418 sit,
705 1335 897 1421 Clymenam
920 1337 1017 1400 etiam
1039 1337 1073 1401 in
1091 1337 1219 1425 pictura
1234 1339 1373 1424 quadam

186 1449 317 1528 praeter
338 1439 499 1503 Helenam
524 1449 557 1504 et
578 1439 737 1505 Aethram
757 1439 909 1504 Paridem
932 1449 1114 1505 secuturam
1137 1445 1374 1528 repraesentari

187 1543 297 1610 Sehlie
320 1543 428 1607 nescio
452 1565 494 1606 an
516 1527 607 1608 recte
631 1543 853 1630 contendatst)

273 1646 398 1712 Aethra
435 1647 600 1732 quomode
633 1647 675 1710 ad
707 1647 870 1712 Helenam
902 1649 1045 1730 venerit,
1084 1648 1202 1712 certius
1234 1649 1373 1713 iudicari

187 1761 301 1838 potest.
345 1750 452 1814 Mater
487 1751 571 1816 enim
601 1761 671 1815 erat
700 1751 836 1834 Thesei,
872 1773 967 1836 quam
994 1751 1262 1834 Lacedaemonii,
1298 1775 1371 1816 cum

186 1856 320 1922 Castore
344 1865 377 1919 et
397 1854 530 1919 Polluce
554 1854 692 1919 duoibus
714 1855 861 1920 Athenas
873 1853 897 1940 ³)
923 1856 1211 1941 expugnavissent,
1243 1865 1370 1942 captam

186 1959 335 2025 Helenae
365 1959 399 2022 in
428 1959 617 2022 servitutem
647 1959 860 2024 tradiderunt.
886 1958 999 2038 ¹Quae
1026 1959 1137 2023 fabula
1159 1960 1201 2024 ad
1222 1959 1370 2025 Helenae

187 2073 346 2145 aetatem,
377 2085 458 2148 quae
483 2072 532 2126 est
554 2072 629 2127 ante
651 2063 794 2127 Menelai
816 2063 959 2148 nuptiae,
986 2063 1128 2148 pertinet
1149 2064 1371 2148 artissimeque

187 2166 344 2232 cohaeret
367 2188 439 2229 cum
460 2167 599 2230 Helenae
622 2191 642 2229 a
659 2165 776 2230 Theseo
799 2167 947 2250 abreptae
968 2166 1112 2230 historia.
1143 2167 1238 2231 Hanc
1261 2177 1371 2231 autem

187 2269 324 2336 Ovidius
347 2291 474 2355 quoque
497 2270 602 2354 tangit
624 2292 674 2355 ep.
698 2269 776 2334 XVI
800 2275 862 2338 149
885 2290 969 2354 sqq.:

317 2413 406 2492 ‘ergo
429 2408 506 2472 arsit
528 2407 653 2490 merito,
677 2409 732 2495 qui
753 2418 889 2472 noverat
911 2408 1028 2488 omnia,
1053 2406 1209 2490 Theseus,

393 2520 425 2576 et
446 2512 517 2575 visa
540 2520 588 2576 est
609 2521 697 2575 tanto
722 2511 820 2594 digna
842 2511 953 2596 rapina
974 2511 1055 2593 vire,

314 2637 403 2680 more
425 2624 500 2679 tuae
523 2614 629 2699 gentis
650 2614 752 2678 nitido
776 2610 852 2678 dum
874 2613 963 2676 nuda
984 2613 1197 2699 palaestra

384 2717 469 2782 ludis
492 2727 525 2782 et
548 2739 582 2781 es
603 2716 698 2781 nudis
720 2717 841 2782 femina
862 2717 965 2780 mixta
986 2717 1072 2780 viris'

185 2854 284 2941 (adde
309 2878 359 2940 ep.
382 2855 414 2918 V
438 2860 497 2923 127
522 2877 568 2942 sq.
591 2866 667 2921 met.
691 2855 752 2920 XV
773 2856 860 2941 233).

272 2959 382 3044 Atque
392 2958 533 3044 puellam
545 2959 588 3024 ad
599 2961 702 3046 ripam
708 2959 850 3024 Eurotae
861 2959 1002 3024 fluminis
1013 2958 1122 3044 frigidi
1130 2962 1205 3045 (am.
1215 2959 1248 3021 Π
1259 2965 1307 3042 17,
1316 2965 1368 3028 32.

185 3060 305 3150 χιόνεος
324 3062 463 3128 Oolluth.
487 3087 518 3128 v.
542 3065 618 3150 231)
641 3065 674 3128 in
695 3063 857 3149 palaestra
879 3085 949 3128 sese
973 3063 1157 3127 exercuisse
1182 3063 1280 3127 etiam
1294 3063 1369 3129 Pro-

184 3165 308 3252 pertius
330 3166 431 3231 refert
452 3167 503 3230 III
527 3171 576 3249 13,
603 3172 640 3234 11
664 3189 746 3253 sqq.:

316 3305 430 3391 ‘qualis
453 3315 486 3369 et
507 3304 687 3370 Eurotae
710 3304 828 3370 Pollux
851 3315 883 3370 et
905 3304 1020 3370 Castor
1043 3305 1195 3387 arenis,

391 3409 445 3472 hic
467 3410 573 3474 victor
594 3409 719 3494 pugnis,
743 3407 797 3472 ille
820 3408 946 3474 futurus
970 3408 1070 3496 equis,
1087 3404 1112 3500 Κ

312 3513 398 3576 inter
421 3535 499 3598 quos
519 3513 647 3578 Helene
670 3513 764 3576 nudis
787 3535 904 3598 capere
927 3534 1017 3578 arma
1038 3513 1166 3599 papillis

388 3617 491 3682 fertur
512 3641 574 3682 nec
596 3617 712 3681 fratres
736 3615 901 3681 erubuisse
924 3616 1011 3681 'deos'

269 3808 291 3875 1)
309 3807 352 3862 Ad
374 3809 458 3862 Γ144
477 3815 503 3862 et
523 3812 549 3860 H
562 3810 594 3862 10
613 3807 799 3876 (Friedlander
815 3825 841 3876 p.
860 3808 990 3876 81127).
1017 3809 1095 3864 Adde
1114 3809 1196 3864 schol.
1215 3809 1314 3863 Townl.
1335 3809 1368 3862 ad

186 3894 279 3949 Γ144.
315 3895 485 3962 Negelsbach
504 3895 718 3962 ‘Anmerkuugen
742 3912 790 3948 zur
807 3893 878 3948 llias’
900 3912 926 3963 p.
945 3897 995 3949 369
1014 3911 1051 3964 sq.
1089 3896 1187 3964 Prigge
1210 3896 1252 3950 ‘de
1271 3896 1369 3950 Thesei

183 3982 262 4034 rebus
280 3982 362 4049 gestis
374 3983 566 4048 ¹‹ruttestionum
585 3983 673 4050 capita
691 3980 760 4047 duo’,
780 3981 843 4035 diss.
862 3979 996 4049 Marpurg.
1016 3983 1083 4036 1891
1103 3999 1128 4050 p.
1148 3984 1182 4036 32
1200 3998 1238 4052 sq.

268 4065 289 4134 2)
309 4067 369 4120 ‘Die
398 4066 607 4135 Darstellungen
643 4068 689 4122 des
719 4068 854 4122 troischen
885 4067 1073 4136 Sagenkreises
1109 4068 1157 4122 auf
1184 4069 1368 4122 etruskischen

182 4149 386 4206 Aschenkisten’
406 4154 473 4206 1888
491 4170 517 4221 p.
534 4153 576 4208 32.
596 4153 628 4208 cf.
648 4155 728 4208 etiam
746 4155 846 4208 Robert
864 4154 882 4207 l.
901 4154 918 4207 l.
937 4170 963 4221 p.
983 4154 1023 4207 73.

268 4237 288 4306 3)
309 4237 348 4292 Cf.
367 4240 447 4294 etiam
467 4238 513 4292 Ov.
532 4255 573 4307 ep.
593 4238 660 4293 VIII
678 4241 710 4293 71
730 4257 768 4308 sq.
802 4239 844 4306 De
862 4240 995 4308 Aphidna,
1014 4257 1081 4309 quae
1100 4258 1117 4295 a
1134 4241 1266 4294 nonnullis
1285 4240 1368 4308 scrip·

182 4325 284 4379 toribus
311 4341 361 4394 pro
386 4324 499 4379 Athenis
528 4332 701 4392 memoratur,
723 4313 791 4380 ,Vide
818 4342 884 4395 quae
909 4326 985 4380 docte
1012 4326 1135 4381 disseruit
1160 4327 1279 4396 Wagner
1304 4326 1365 4380 ‘cun

182 4411 271 4480 myth)
289 4429 315 4480 p.
336 4410 386 4464 152
404 4427 458 4479 sqq.
