3214 4854
300 1319 412 1385 Priore
434 1321 533 1405 igitur
554 1321 626 1385 loco
649 1320 825 1384 dicendum
848 1333 896 1386 est

497 1449 738 1534 derebus
771 1453 1124 1569 argonauticis.

302 1596 583 1682 Circumspicienti
610 1607 720 1660 autem
746 1606 857 1682 poetas
886 1619 1035 1681 graecos,
1067 1599 1121 1686 qui
1144 1601 1276 1684 ingenia
1298 1601 1331 1663 in
1355 1601 1400 1664 eis

214 1699 314 1764 fusius
336 1700 504 1763 narrandis
527 1708 761 1782 exercuerunt,
790 1697 968 1787 praecipua
989 1700 1070 1765 ratio
1093 1702 1247 1766 habenda
1268 1702 1398 1766 videtur

214 1802 434 1888 Apollonii
449 1802 613 1885 Rhodii,
636 1813 748 1888 utpote
772 1805 827 1892 qui
850 1826 905 1868 aas
926 1805 1047 1890 primus
1070 1804 1103 1868 in
1122 1805 1259 1870 formam
1276 1815 1398 1870 certam

216 1916 480 1994 constantemque
519 1929 557 1970 ac
591 1906 820 1992 posterioribus
854 1906 1063 1992 scriptoribus
1097 1909 1188 1994 quasi
1221 1907 1400 1991 legitimam

214 2009 389 2094 redegerit.
434 2010 549 2096 Itaque
573 2010 671 2074 etiam
694 2007 860 2092 Ovidium,
885 2011 944 2074 etsi
967 2021 1139 2096 practerea
1162 2021 1194 2076 et
1215 2011 1401 2094 tragoedias

213 2113 257 2179 ad
273 2113 535 2198 Argonautarum
557 2114 620 2178 iter
642 2114 841 2199 pertinentes
857 2121 890 2178 et
905 2114 1040 2179 aliomm
1058 2113 1208 2201 eiusdem·
1220 2115 1402 2197 argumenti

215 2227 366 2302 poemata
388 2241 463 2281 eum
486 2216 664 2303 inspexisse
687 2215 912 2304 quaedamque
935 2241 978 2281 ex
999 2218 1046 2281 eis
1066 2217 1227 2282 delibasse
1244 2217 1401 2281 credibile

218 2329 282 2401 est,
321 2342 364 2384 ex
396 2321 568 2406 Apollonio
605 2320 736 2386 fabulae
774 2322 1003 2404 argonauticae
1041 2319 1253 2385 fundamenta
1286 2320 1404 2407 petisse

217 2422 411 2488 videbimus.
423 2425 446 2510 ¹)

259 2571 262 2578 ,
302 2526 353 2591 Ac
386 2529 525 2613 primum
558 2527 691 2614 quidem
726 2550 799 2591 eam
832 2527 990 2608 fabulam,
1026 2550 1109 2613 quae
1140 2527 1180 2591 de
1209 2528 1405 2612 Argonautis

217 2632 333 2696 Lemni
367 2633 399 2695 in
429 2630 532 2696 insula
564 2631 649 2717 apud
679 2630 894 2717 Hypsipylam
926 2630 1198 2695 commorantibus
1229 2632 1404 2694 memoriae

216 2735 366 2817 traditur,
397 2734 535 2799 Ovidius
558 2737 760 2820 epistula
782 2735 833 2804 vl
855 2737 906 2802 ab
929 2735 1184 2821 Hypsipyle
1206 2735 1259 2802 ad
1282 2735 1403 2803 Iaso-

216 2859 313 2908 nem
336 2840 441 2906 (lata
464 2837 611 2902 absolvit.

301 2941 351 3006 Ac
375 2942 414 3004 dc
436 2943 557 3028 ora'paiic
580 2941 763 3027 Hypsipyle
786 2939 983 3021 Thoantem,
1014 2940 1224 3004 Lemniorum
1246 2944 1402 3023 regeml),

215 3055 342 3132 patrem
364 3067 457 3108 suum
480 3066 550 3108 esse
573 3066 612 3108 eo
634 3044 705 3108 loco
729 3043 818 3126 dicit,
842 3065 904 3130 quo
927 3044 1058 3108 nomina
1079 3043 1236 3106 maiorum
1252 3041 1404 3107 laudibus

218 3149 311 3213 effert
333 3172 364 3213 v.
390 3153 452 3216 114
474 3169 556 3234 sqq:

465 3274 517 3332 ‘en
540 3289 600 3351 ego
623 3267 732 3333 Minoo
755 3279 832 3333 nata
855 3269 1003 3334 Thoante
1026 3268 1126 3351 foror3

370 3370 520 3436 Bacchus
543 3394 632 3452 avus,
655 3371 780 3436 Bacchi
803 3373 945 3437 coniunx
967 3371 1119 3436 redimita
1142 3392 1261 3436 corona

464 3474 651 3562 praeradiat
672 3475 887 3560 stellis'signa
909 3477 1033 3540 minora
1056 3475 1140 3540 suis’

214 3607 253 3678 ln
283 3623 431 3678 extrema
460 3624 568 3677 autem
592 3613 729 3698 epistula
752 3625 796 3695 (v.
822 3617 896 3701 163)
920 3615 1019 3701 stirpe
1042 3613 1098 3678 illa
1120 3614 1290 3700 praeclara
1312 3614 1403 3701 quasi

214 3718 293 3781 nixa
321 3741 423 3804 eoque
448 3715 595 3799 oonsilio,
627 3740 689 3804 quo
713 3717 821 3782 Iasoni
843 3716 991 3782 fraudem
1014 3717 1128 3782 maiori
1152 3718 1207 3782 det
1231 3717 1402 3804 opprobrio

248 3846 270 3850 ...
285 3843 420 3852 -.-.,-ι.-,

300 3908 321 3978 ¹)
334 3907 471 3978 Apollonii
484 3909 645 3962 imitatorem
654 3907 801 3961 Varronem
811 3905 960 3972 Matinum,
975 3921 1133 3976 quamquam
1143 3905 1238 3960 Ovidio
1248 3908 1402 3960 notissimus

212 3997 264 4050 fuit
288 3995 323 4049 ab
348 4011 430 4063 eoque
456 3993 516 4062 plus
540 3994 621 4047 semel
644 3994 767 4047 laudibus
793 3992 902 4047 effertur
926 3991 968 4061 (cf.
987 4008 1037 4046 am.
1057 3994 1069 4045 I
1090 3994 1129 4057 15,
1148 3995 1190 4046 21.
1214 3999 1264 4046 art.
1283 3992 1324 4046 ΙΙΙ
1342 3993 1401 4047 335.

214 4083 281 4136 trist.
300 4080 327 4134 II
345 4080 419 4150 439),
447 4081 533 4134 omitti
556 4080 630 4145 licet,
654 4097 712 4134 cum
736 4085 763 4132 et
784 4095 920 4146 perpauca
941 4085 1056 4133 aetatem
1074 4080 1183 4133 tulerint
1201 4079 1350 4146 fragmenta
1368 4084 1403 4143 et,

213 4183 280 4236 qliae
298 4169 325 4220 in
345 4167 491 4234 exe1nplari
507 4167 643 4234 leguntur,
662 4165 734 4218 nullo
753 4165 808 4218 fere
827 4164 904 4217 modo
922 4166 956 4218 ab
975 4181 1007 4217 eo
1026 4171 1128 4218 mutata
1147 4166 1200 4218 sint
1219 4163 1261 4232 (cf.
1281 4165 1403 4218 Ribbeck

214 4253 297 4306 'Rom
315 4252 461 4320 Dichtung’
480 4252 494 4306 I
512 4269 538 4322 p.
557 4253 656 4320 345sq.
676 4257 702 4304 et
723 4251 757 4304 M.
777 4250 895 4304 Schmidt
914 4252 941 4304 in
960 4249 1055 4304 Philol.
1075 4251 1125 4302 vol.
1145 4251 1223 4303 XXV
1241 4268 1266 4318 p.
1283 4251 1332 4304 431
1345 4254 1401 4319 sq).

300 4335 321 4408 ²)
340 4338 379 4393 of.
399 4339 476 4393 Hom.
496 4339 595 4396 5230.
632 4337 682 4406 Ap.
702 4337 753 4390 Rh.
773 4336 785 4389 Ι
803 4337 861 4389 621.
882 4337 940 4390 798.
976 4335 1055 4390 Diod.
1076 4337 1100 4391 V
1119 4337 1159 4390 79.
