3242 4860
668 297 933 410 *ms-⁵

192 511 226 574 in
256 510 350 575 domo
380 511 472 594 regia
502 519 663 576 retentum
693 521 727 576 ct
756 510 929 576 educatum
953 534 1022 576 esse
1045 515 1154 578 nescio
1178 536 1218 575 an
1242 511 1378 576 eluceat.

193 612 289 693 Quod
315 612 377 677 nisi
400 635 471 700 qua*
485 614 715 701 probabilitate
739 624 846 696 caret,
876 615 963 679 idem
985 624 1117 701 praeter
1139 614 1378 702 Euphorionem

191 717 355 802 respicere
385 715 516 782 videtur
539 717 725 803 Lycophro,
756 727 867 804 utpote
899 717 989 783 cuius
1018 720 1243 783 auctoritatem
1266 719 1320 784 hic
1343 727 1379 782 ut

191 840 414 904 nonnusquam
450 819 541 884 illum
578 831 725 885 secutum
763 843 832 886 esse
869 821 1011 888 Knaack
1047 823 1117 886 iure
1155 823 1333 887 coniecerit
1344 828 1377 906 ¹),

191 921 289 986 Alex.
312 927 377 990 224
398 944 483 1009 sqq:
550 954 553 960 ·

399 1042 471 1133 μηδ’
494 1049 669 1114 Αἰσακείῶν
695 1041 790 1134 οὑμὸς
814 1043 932 1134 ῶρελεν
956 1045 1062 1135 πατήρ

398 1151 544 1236 χρησμῶν
568 1147 694 1217 ἀπῶσαι
716 1153 904 1237 ννκτίροιτα
927 1153 1075 1236 δείματα,

400 1254 458 1341 μιᾷ
481 1253 516 1318 δὲ
539 1249 660 1339 κρύψαι
682 1250 757 1332 τοὺς
780 1256 907 1332 διπλοῦς
930 1249 1006 1340 ὑπὲρ
1029 1250 1155 1340 πάτρας

323 1443 325 1449 .
398 1358 492 1446 μοίρᾳ
514 1353 683 1442 τεφρώσας
705 1367 779 1441 γυῖα
800 1359 953 1447 Λημναίῳ
978 1359 1062 1445 πνρί·

397 1456 454 1526 οιίκ
478 1457 515 1526 ἂν
537 1462 673 1527 τοσῶνδε
696 1456 770 1545 κῶμ’
794 1463 961 1538 ἐπέκλυζεν
984 1463 1093 1527 κακῶν

707 1560 792 1644 (coll.
808 1586 839 1625 v.
856 1567 919 1630 319
930 1583 1003 1647 sqq.
1021 1572 1053 1626 et
1069 1561 1168 1627 schol.
1185 1562 1227 1626 ad
1243 1561 1274 1627 h.
1288 1562 1332 1642 1.).

191 1697 265 1762 Noli
295 1709 404 1762 autem
433 1709 547 1785 putare
576 1698 661 1762 hanc
690 1700 909 1763 coniecturam
938 1721 976 1764 eo
1000 1699 1174 1779 confutari,
1205 1699 1291 1786 quod
1313 1700 1376 1784 Ly-

192 1800 312 1887 cophro
336 1801 398 1866 alio
414 1801 484 1866 loco
501 1805 546 1886 (v.
565 1803 640 1886 138)
655 1812 763 1867 uotam
780 1803 910 1886 attingit
923 1803 1121 1883 memoriam,
1146 1824 1209 1888 qua
1223 1801 1375 1866 Paridem

193 1906 373 1989 expositum
395 1927 471 1968 ursa
492 1906 664 1972 nutrivisse
688 1904 826 1970 traditur
850 1904 1270 1993 (ef.Ap0110d.1H·12‚5):
1295 1905 1376 1968 eius-

191 2006 266 2071 dem
296 2007 381 2071 enim
410 2007 552 2100 fabulae
566 2007 685 2072 formas
708 2031 725 2072 e
749 2010 847 2072 variis
869 2008 1010 2073 fontibus
1031 2008 1148 2094 petitas
1170 2009 1205 2071 in
1226 2017 1374 2093 poemate

190 2108 275 2174 illius
306 2117 454 2204 σκοτεινῷ
486 2113 717 2176 contaminatas
746 2135 816 2177 esse
839 2109 1003 2176 Geffcken
1032 2112 1142 2176 docuit
1165 2113 1209 2193 (in
1232 2111 1375 2176 Hermae

190 2213 254 2278 vol.
278 2213 386 2278 XXVI
407 2237 438 2300 p.
462 2219 524 2284 567
548 2220 640 2300 sqq).

276 2315 343 2381 Sed
364 2317 423 2381 ubi
444 2318 484 2381 sit
507 2317 576 2382 fons
598 2319 784 2404 primarius,
809 2341 826 2382 e
850 2337 912 2404 quo
936 2341 1021 2383 nova
1043 2315 1098 2382 illa
1120 2319 1250 2383 fabulae
1272 2318 1375 2383 forma

189 2419 337 2502 fluxerit,
372 2422 594 2506 quaerendum
628 2431 685 2485 est.
743 2419 815 2499 Qua
847 2423 880 2485 in
912 2445 947 2486 re
976 2420 1248 2508 proficiscendum
1279 2433 1327 2485 est
1357 2445 1375 2484 a

192 2524 386 2588 coniecturis
414 2523 549 2588 Roberti
584 2535 618 2589 et
647 2525 838 2605 Wentzelii‚
876 2547 1011 2610 quorum
1039 2534 1156 2588 neuter
1183 2525 1374 2588 narrationis

189 2624 380 2694 Oollutheae
404 2628 563 2692 rationem
585 2627 715 2692 habuit:
739 2637 836 2712 atque
859 2627 913 2691 ille
930 2628 1081 2692 Paridem
1101 2628 1220 2712 exponi
1235 2628 1374 2712 primum

188 2730 222 2793 in
243 2729 414 2814 tragoedia
436 2730 580 2795 effictum
604 2752 673 2795 esse
696 2740 788 2817 putat
811 2730 908 2812 (‘Bild
930 2730 995 2794 und
1019 2729 1111 2794 Lied’
1132 2754 1164 2817 p.
1188 2736 1251 2800 233
1274 2736 1372 2815 sqq),

188 2819 249 2896 hic'
277 2833 364 2897 idem
397 2834 439 2897 ad
469 2833 624 2920 Cyprium
659 2857 790 2899 carmen
823 2833 1026 2898 reiciendum
1060 2856 1130 2898 esse
1160 2833 1373 2898 Welckerum

189 2935 297 3023 (cycl.
322 2937 381 3022 σμ’
404 2937 454 3000 H2
475 2959 507 3023 p.
531 2940 649 3024 eosq.)
673 2947 802 3002 secutus
826 2946 937 3002 censet
959 2936 993 3023 (l.
1009 2937 1030 3001 l.
1046 2959 1077 3024 p.
1094 2943 1137 3007 34
1151 2937 1244 3022 sqq).
1282 2935 1373 3000 Diiu-

190 3039 335 3104 dicemus
357 3041 456 3124 igitur
478 3041 547 3126 ipsi.
808 3024 809 3028 Ἰ

152 3220 155 3224 ,
274 3143 325 3207 Αο
344 3144 484 3228 primum
499 3145 630 3229 quidem
642 3144 824 3231 Euripides,
841 3165 1034 3231 quamquam
1051 3167 1126 3208 eum
1140 3144 1174 3206 in
1184 3141 1373 3207 Alexandro

189 3247 230 3310 de
264 3245 381 3310 Paride
416 3247 562 3333 exposito
595 3249 727 3313 uberius
762 3249 940 3335 disputasse
973 3246 1036 3311 viri
1070 3245 1123 3311 dd.
1159 3247 1372 3328 consentiunt,

188 3359 298 3414 tamen
320 3349 354 3412 in
375 3348 492 3414 fabulis
516 3361 591 3416 ante
608 3351 833 3415 Alexandrum
858 3350 941 3416 datis
963 3351 1051 3415 idem
1074 3360 1129 3415 aut
1150 3350 1302 3414 tractavit
1318 3359 1374 3412 aut

187 3453 279 3516 utin
301 3451 417 3536 vulgus
441 3463 551 3517 notum
573 3456 773 3541 paucissimis
795 3454 1002 3540 perstrinxit,
1024 3453 1114 3518 velut
1136 3453 1219 3517 Heo.
1243 3458 1316 3522 944.
1341 3462 1374 3515 et

186 3555 289 3620 Andr.
317 3561 404 3637 tou,
427 3556 485 3620 ubi
506 3557 596 3620 Paris
619 3568 755 3622 vocatur
776 3557 911 3640 Idaeus,
936 3556 1021 3643 quod
1043 3579 1162 3620 nomen
1184 3578 1258 3620 eum
1280 3577 1373 3641 prop-

186 3669 286 3739 terea,
311 3658 397 3744 quod
420 3662 584 3745 expositus
608 3671 687 3742 erat,
711 3663 875 3747 accepisse
900 3683 942 3724 ex
965 3659 1036 3745 Iph.
1053 3660 1093 3722 A.
1110 3665 1183 3728 574.
1205 3664 1289 3727 1284
1303 3680 1371 3743 sqq.

187 3761 339 3826 discimus
356 3761 409 3843 (cf.
427 3764 524 3827 etiam
536 3763 610 3827 Hel.
627 3769 691 3846 29).
724 3764 838 3851 Itaque
861 3764 903 3827 ab
916 3763 1071 3848 Euripide
1086 3763 1269 3826 versionem
1284 3761 1371 3826 illam

186 3865 354 3942 notiorem,
379 3888 454 3929 cum
476 3890 548 3930 eam
570 3869 604 3931 in
626 3866 801 3952 tragoediis
820 3866 1050 3931 vetustioribus
1064 3865 1209 3930 breviter
1224 3864 1371 3948 attingat,

186 3968 220 4031 in
247 3967 424 4053 posteriore
455 3969 585 4034 demum
616 3970 726 4034 fabula
753 3969 943 4034 Alexandro
972 3967 1118 4054 pluribus
1148 3967 1371 4053 explicaverit,

185 4072 351 4137 inventam
372 4097 437 4138 non
460 4096 530 4138 esse
552 4075 622 4160 ipsa
644 4075 725 4138 ratio
743 4074 846 4138 docet.
884 4071 1083 4136 Reducimur
1099 4093 1176 4155 ergo
1192 4071 1233 4136 ad
1248 4070 1371 4134 fontem

272 4314 293 4380 ¹)
313 4315 479 4369 Fleckeiseni
502 4315 598 4370 Annal.
625 4316 675 4370 vol.
701 4315 855 4370 CXXXVII
877 4333 903 4384 p.
926 4315 974 4384 146Ι
996 4332 1034 4386 sq.
1060 4315 1092 4370 cf.
1118 4316 1199 4370 etiam
1222 4315 1317 4370 Kaibel
1342 4315 1369 4369 in

184 4399 300 4456 Hermae
319 4401 367 4455 vol.
385 4399 467 4454 XXII
484 4419 510 4470 p.
529 4402 580 4455 506
598 4418 653 4471 sqq.
