3214 4854
734 325 949 387 ...34-

250 503 317 554 turn
347 491 380 553 vi
403 490 566 554 devictam
589 491 695 554 Iasoni
722 489 878 554 auxilium
902 513 972 554 sese
996 489 1106 555 tulisse
1128 488 1348 575 profiteretur,
1378 491 1434 556 ali-

249 604 367 678 quanto
397 591 491 679 plura
520 604 554 656 et
582 594 705 657 maiora
733 593 818 656 inter
847 615 921 657 eam
949 605 982 657 et
1012 593 1164 657 iuvenem
1193 592 1434 658 intercederent

169 742 173 748 ·
249 696 356 760 officia
378 694 572 782 desertaque
595 697 731 760 amatori
753 695 878 760 facinus
901 696 1065 782 aliquanto
1088 697 1212 782 turpius
1236 697 1432 783 exprobrare

247 811 364 884 posset.
398 798 575 864 Meministi
591 801 679 864 enim
694 799 835 887 exempli
852 799 1065 887 Hypsipylae,
1090 821 1185 885 quam
1201 801 1279 863 item
1295 801 1433 886 primum

247 903 400 983 invitam,
430 901 549 966 deinde
579 925 688 968 amore
715 904 838 968 Iasonis
866 903 1012 985 incendi,
1043 926 1108 967 non
1135 904 1218 968 siout
1244 903 1433 988 Apollonius

247 1006 367 1069 nutrici
385 1016 422 1070 ut
436 1005 578 1093 hospites
595 1008 764 1093 exciperet
779 1005 926 1072 hortatae
942 1006 1176 1092 obsequentem
1192 1003 1329 1070 Ovidius
1344 1005 1432 1071 facit.

333 1109 400 1173 Sed
415 1107 477 1172 hac
494 1111 680 1194 quaestione
697 1111 762 1174 iam
777 1111 875 1174 missa
889 1120 1089 1174 transeamus
1104 1109 1147 1174 ad
1162 1108 1291 1173 fabulae
1306 1120 1433 1204 partem

247 1213 442 1298 proximam,
472 1235 537 1298 qua
558 1214 673 1276 Medea
702 1239 772 1277 cum
794 1216 909 1278 Iasone
932 1214 1120 1300 colloquium
1131 1213 1256 1296 fecisse
1278 1213 1431 1277 traditur:

248 1315 354 1379 locum
385 1327 510 1398 autem,
544 1317 577 1380 in
606 1339 703 1402 quem
731 1316 779 1382 illi
807 1327 1046 1399 convenerunt,
1081 1316 1218 1382 Ovidius
1248 1316 1310 1380 hoc
1337 1316 1432 1382 modo

249 1418 404 1482 describit
426 1429 502 1483 met.
526 1444 557 1484 v.
582 1425 623 1488 74
645 1444 705 1506 sq.:
851 1401 857 1413 ’

264 1561 267 1568 ’
377 1557 456 1622 ‘ibat
478 1558 521 1622 ad
543 1559 690 1644 antiquas
705 1559 848 1624 He'cates
871 1560 1041 1624 Perseidos
1053 1560 1077 1646 ¹)
1101 1581 1182 1641 aras,

376 1684 455 1746 quas
477 1683 591 1726 nemus
614 1663 800 1728 umbrosum
823 1674 1014 1750 secretaque
1037 1662 1119 1726 silva
1141 1661 1283 1746 tegebat'

247 1798 469 1885 copiosiusque
492 1799 611 1864 Medea
632 1800 771 1865 illustrat
794 1823 843 1887 ep.
868 1801 935 1864 XII
958 1807 997 1869 67
1022 1823 1105 1887 sqq:

402 1943 461 2002 ‘est
483 1961 596 2002 nemus
620 1949 653 2002 et
675 1940 776 2024 piceis
799 1950 832 2002 et
855 1939 1021 2004 frondibus
1043 1939 1124 2002 ilicis
1147 1947 1261 2018 atrum,

495 2042 553 2106 vix
575 2042 651 2107 illuc
674 2042 772 2106 radiis
795 2041 870 2106 solis
891 2043 982 2107 adire
1005 2041 1128 2128 licetl)

402 2154 475 2206 sunt
496 2144 530 2207 in
553 2167 591 2208 eo
607 2146 792 2209 —fuerant
815 2156 903 2210 certe
919 2185 961 2193 —
977 2145 1113 2210 delubra
1134 2144 1272 2223 Dianae,

495 2269 595 2312 aurea
616 2248 789 2313 barbarica
811 2259 874 2313 stat
897 2249 960 2313 dea
981 2250 1068 2313 facta
1091 2247 1206 2311 rnanu’.

248 2383 402 2448 Similiter
434 2384 624 2471 Apollonius
658 2387 809 2450 Medeam
844 2386 923 2452 dicit
948 2385 1098 2475 Ἑκάτης
1133 2385 1212 2475 ἱερὸν
1248 2383 1330 2470 μετὰ
1359 2383 1430 2471 νηὸν

249 2491 355 2555 ἰοῦσαν
380 2487 425 2574 (ν.
448 2488 525 2574 915.)
550 2500 582 2552 et
604 2489 667 2555 loci
689 2500 836 2555 naturam
861 2490 1008 2577 depingit
1026 2483 1060 2554 ¹v.
1084 2494 1146 2558 927
1170 2512 1233 2575 sq:

404 2632 478 2696 ἔσκε
502 2633 538 2694 δέ
560 2653 608 2706 τις
631 2633 748 2698 πεδίοιο
772 2627 860 2698 κατὰ
885 2634 988 2712 στίβον
1015 2633 1126 2714 ἔγγυῖἲι
1147 2631 1221 2713 aquit

403 2733 541 2818 αἴγειρος
564 2729 719 2817 φύλλοισιν
744 2730 934 2819 ἀπειρεσίοις
956 2729 1117 2817 κομόωσα.

248 2864 300 2929 Ibi
319 2866 418 2948 igitur
433 2865 594 2949 Medeam,
614 2867 747 2932 simulac
762 2868 910 2933 Iasonem
926 2869 1236 2954 appropinquantem
1253 2867 1431 2951 conspexit,

249 2967 355 3031 denuo
379 2991 488 3032 amore
512 2970 584 3055 capi
608 2970 746 3034 Ovidius
768 2983 878 3035 narrat
900 2979 976 3035 u'ret.
1000 2995 1031 3034 v.
1056 2977 1096 3038 ut
1119 2995 1204 3057 sqq:

381 3111 424 3169 ‘et
446 3107 509 3171 iam
533 3107 622 3173 fortis
646 3117 716 3172 erat
736 3108 910 3195 pulsusque
932 3119 1113 3173 recesserat
1137 3107 1241 3189 ardor,

380 3231 453 3271 cum
475 3210 566 3274 videt
588 3212 784 3292 Aesoniden,
809 3213 1017 3298 extinctaque
1040 3212 1170 3276 flamma
1192 3210 1324 3274 revixit:

380 3311 586 3376 erubuere
609 3335 739 3398 genae
763 3324 891 3401 totoque
914 3314 1085 3380 recanduit
1107 3337 1172 3396 ore,

379 3426 477 3500 utque
501 3415 582 3480 solet
605 3418 709 3482 ventis
731 3418 1089 3500 alimentaadsumere,
1113 3439 1260 3504 quaeque

378 3541 480 3603 parva
502 3519 561 3583 sub
584 3520 718 3584 inducta
739 3521 833 3585 latuit
854 3522 994 3587 scintilla
1016 3520 1127 3587 favilla

381 3643 529 3686 crescere
554 3624 642 3687 etin
665 3634 793 3688 veteres
817 3626 938 3708 agitata
959 3647 1130 3711 resurgere
1153 3626 1255 3688 vires:

380 3725 426 3787 sic
448 3727 513 3788 iam
535 3726 640 3791 lentus
663 3751 761 3810 amor,
785 3728 849 3791 iam
872 3752 968 3814 quem
991 3729 1145 3813 languere
1169 3738 1309 3816 putares,

380 3839 416 3890 ut
437 3828 520 3892 vidit
541 3831 702 3914 iuvenem,
726 3832 835 3917 specie
858 3834 1037 3917 praesentis
1059 3832 1187 3896 inarsit’.

253 3965 379 4044 Quibus
401 3966 549 4030 versibus
570 3966 732 4032 rhetorice
749 3969 953 4055 amplificatis
969 3981 1058 4034 certe
1073 3971 1214 4056 respicit,
1238 3991 1320 4054 quae
1336 3967 1436 4052 Apol-

252 4067 355 4132 lonius
379 4067 419 4131 de
442 4069 562 4133 Medea
583 4070 690 4136 Iasoni
713 4083 904 4136 occurrente
927 4074 1048 4159 profert
1071 4097 1101 4136 r.
1125 4079 1189 4142 960
1211 4096 1293 4158 sqq:

338 4293 362 4356 ¹)
378 4289 478 4362 Ἑκάτη
501 4295 619 4363 Περσηίς
637 4296 716 4349 etiam
735 4297 786 4364 Ap,
803 4294 845 4349 ΙΙΙ
865 4299 939 4350 1035.

339 4379 360 4446 2)
378 4378 445 4434 Item
464 4381 510 4434 illa
529 4381 594 4434 silva
613 4382 646 4434 ab
664 4381 805 4448 Apollonio
824 4382 922 4434 dicitur
941 4382 1087 4445 πολύσκιος
1106 4381 1154 4451 (IV
1175 4385 1241 4452 166).
