3214 4854
662 333 877 396 ..47-

176 499 510 582 Argonautarum
536 498 709 580 itinere,
741 507 856 563 certe
881 498 928 562 dc
952 498 1075 563 rebus
1098 509 1138 563 et
1159 499 1302 564 Lemni
1326 513 1365 563 et

175 601 217 664 in
260 601 462 666 Colchide
513 601 645 686 gestis
693 602 867 687 profert,
919 601 1138 688 Apollonii
1182 604 1365 688 vestigia

177 705 363 789 quamvis
393 704 591 769 libertati
619 706 813 790 poeticae
842 728 998 790 suoque
1028 706 1198 791 ingenio
1228 707 1363 771 indul-

177 817 343 891 gentem
366 816 553 872 secutum
576 831 666 872 esse
688 809 753 872 iam
775 831 871 874 nemo
895 820 944 875 est
966 809 1020 895 qui
1042 809 1227 876 infitietur.-

264 1119 325 1183 His
348 1127 512 1204 tamquam
536 1120 724 1206 appendicis
747 1119 818 1184 loco
833 1142 939 1206 pauca
954 1121 1104 1206 subiungi
1120 1119 1227 1203 liceat,
1250 1121 1367 1207 quibus

179 1221 221 1284 de
250 1222 353 1308 primo
383 1222 526 1286 facinore
550 1224 654 1308 patria
676 1222 929 1310 parentibusque
953 1223 1075 1288 relictis
1097 1245 1117 1286 a
1139 1223 1259 1289 Medea
1282 1247 1366 1289 com-

179 1325 274 1390 misso
305 1335 428 1410 agatur.
474 1326 556 1389 Eam
585 1337 694 1391 autem
724 1329 903 1398 caedem
926 1330 1112 1414 Apsyrti
1139 1328 1247 1392 fratris
1269 1328 1365 1393 fuisse

178 1428 325 1515 plerique
354 1429 487 1492 tradunt
515 1431 696 1516 scriptores.
740 1430 811 1493 Nec
841 1453 904 1494 non
928 1430 1065 1495 Ovidius
1092 1440 1224 1517 praeter
1245 1454 1365 1518 paucos

180 1533 379 1619 exiguosque
402 1533 490 1597 locos
513 1533 592 1598 alios
616 1533 657 1597 de
680 1532 734 1598 illo
750 1533 893 1598 facinore
909 1543 1011 1599 totum
1028 1535 1206 1620 composuit
1222 1557 1364 1616 carmen,

180 1637 271 1720 quasi
295 1636 444 1718 ἐπύλλιον,
469 1637 555 1723 quod
578 1637 713 1700 inseruit
727 1634 925 1701 Tristium
948 1636 1032 1701 libro
1047 1637 1098 1699 ΠΙ
1113 1644 1153 1720 (c.
1170 1635 1214 1722 9){
1238 1638 1295 1702 ubi
1312 1662 1366 1703 no-

180 1740 275 1803 minis
290 1739 464 1804 Tomorum
487 1740 686 1805 notissimum
708 1740 789 1804 illud
811 1741 1000 1826 proponitur
1014 1739 1238 1825 veriloquium.
1271 1740 1367 1820 Quod
1441 1781 1443 1785 ·

179 1865 245 1907 non
267 1865 324 1906 sua
348 1843 541 1927 cogitatione
566 1867 639 1908 eum
662 1844 724 1908 sibi
745 1845 889 1926 finxisse,
912 1865 1027 1907 varum
1050 1865 1068 1906 e
1091 1843 1178 1908 fonte
1199 1844 1305 1931 aliquo
1322 1844 1367 1907 di-

181 1943 298 2010 dicisse
321 1956 354 2010 et
377 1957 556 2011 mutuatum
580 1969 650 2012 esse
673 1970 733 2033 per
755 1971 789 2012 se
812 1947 882 2012 veri
902 1947 1096 2010 simillimum
1111 1946 1149 2010 fit
1164 1957 1197 2010 et
1213 1969 1255 2011 ex
1270 1948 1367 2012 inter-

181 2051 360 2135 pretatione
390 2051 459 2135 ipsa
488 2050 637 2132 atinde,
667 2051 753 2136 quod
783 2051 900 2120 ceteris
924 2073 1050 2137 quoque
1073 2050 1168 2133 locis,
1199 2051 1256 2115 ubi
1278 2049 1366 2115 idem

181 2153 351 2236 attingitur
376 2191 418 2200 -
444 2154 608 2239 pertinent
637 2163 744 2218 autem
776 2155 839 2218 huc
870 2177 919 2240 ep.
946 2153 1015 2246 ΙΧΠ
1044 2159 1105 2223 113
1132 2177 1199 2240 sqq.
1222 2154 1271 2219 Vl
1295 2159 1366 2224 129.

182 2254 231 2319 lb.
265 2260 328 2324 433
362 2279 408 2342 sq.
442 2266 519 2322 met.
553 2257 617 2322 VH
651 2261 693 2326 54
726 2297 782 2340 —,
820 2280 872 2322 res
908 2257 1023 2321 iisdem
1060 2257 1128 2321 fere
1166 2257 1275 2322 verbis
1313 2281 1367 2321 611-

183 2356 331 2444 plicatur.
380 2359 446 2423 Sed
476 2362 586 2425 existit
616 2361 656 2425 de
685 2360 740 2425 1116
770 2360 857 2426 fonte
887 2361 1031 2446 quaestio
1062 2383 1139 2425 sane
1167 2359 1366 2444 difficillima,

183 2484 280 2546 quam
310 2463 352 2526 ad
379 2464 593 2529 certissimum
623 2465 745 2528 exitum
775 2487 832 2528 nos
858 2464 1071 2550 perducturos
1094 2487 1163 2528 esse
1186 2455 1368 2551 paenede-

183 2587 358 2650 speramus.
700 2629 702 2632 .

270 2669 515 2736 Prasmonenda
539 2673 691 2737 videntur
714 2673 810 2737 haec:
834 2670 944 2736 fabula
968 2669 1008 2734 de
1024 2671 1158 2757 Apsyrti
1178 2679 1282 2735 morte
1297 2693 1367 2734 nar-

184 2781 256 2834 rata
285 2774 534 2860 ascriptoribus
557 2777 655 2839 variis
678 2774 904 2840 circumfertur
926 2773 1039 2838 modis.
1084 2774 1150 2837 Alii
1173 2775 1258 2837 enim
1282 2796 1366 2854 eum,

184 2897 258 2938 cum
273 2875 521 2960 interficeretur,
544 2901 680 2965 puerum
696 2878 759 2960 vel,
783 2887 819 2943 ut
834 2879 942 2942 verius
959 2875 1075 2958 dicam,
1098 2876 1255 2939 infantem
1269 2876 1367 2941 fuisse

184 2977 325 3061 tradunt,
350 2979 404 3043 alii
425 2980 677 3046 adulescentem.
711 2982 819 3069 Atque
843 2981 958 3044 horum
982 2979 1176 3044 clarissimus
1199 2989 1248 3043 est
1269 2980 1367 3066 Apol-

183 3079 301 3162 lonius,
325 3083 379 3168 qui
402 3083 450 3147 IV
472 3091 654 3156 303-481
679 3085 762 3149 haec
785 3083 922 3171 profert:
953 3081 1055 3146 altera
1076 3105 1150 3168 pars
1173 3082 1368 3148 Colchorum
1487 3155 1490 3161 ,

185 3183 304 3266 6161111,
328 3207 411 3270 quac
426 3188 552 3252 Aeetae
576 3190 662 3254 iussu
677 3189 882 3272 Argonautas
904 3186 1065 3270 fugientes
1087 3195 1211 3249 sectata
1230 3196 1288 3269 est,
1312 3188 1368 3251 uhi

184 3286 268 3350 Ister
302 3289 336 3351 in
365 3311 455 3354 mare
484 3291 677 3356 adriaticum
706 3291 848 3379 profluit,
882 3289 1093 3373 fugitivorum
1121 3288 1184 3352 iter
1209 3289 1366 3372 retardat3

184 3388 380 3473 Argonautis
409 3393 508 3478 igitur
536 3397 612 3467 navi
642 3395 684 3458 ad
705 3394 842 3458 insulam
866 3391 1028 3479 quandam
1050 3391 1219 3455 Minervae
1243 3415 1368 3456 sacram

185 3493 318 3579 appulsa
341 3517 415 3559 cum
437 3497 500 3564 illis
522 3500 567 3563 ita
591 3499 751 3580 convenit,
774 3507 810 3561 ut
824 3497 953 3579 Medea,
977 3494 1054 3558 dum
1076 3493 1150 3558 lites
1173 3497 1368 3582 compositae

185 3597 257 3678 sint,
281 3597 314 3659 in
338 3596 419 3664 deae
442 3603 562 3688 templo
586 3603 631 3667 ibi
654 3603 714 3666 sito
736 3602 923 3665 retineatur.
967 3597 1038 3678 Quo
1063 3598 1147 3663 facto
1171 3597 1254 3662 haec
1278 3599 1369 3664 donis

185 3699 412 3785 pulcherrimis
427 3705 614 3792 Apsyrtum,
638 3704 834 3770 Colchorum
857 3703 984 3784 ducem,
1008 3723 1067 3787 per
1086 3701 1195 3765 dolum
1211 3701 1312 3767 allicit
1327 3703 1369 3767 ad

184 3802 359 3890 templum,
390 3809 446 3873 uhi
476 3809 516 3874 ab
539 3809 654 3872 Iasone
682 3809 806 3872 occisus
833 3806 1002 3894 sepelitur:
1034 3827 1098 3890 qua
1121 3827 1221 3868 exre
1245 3806 1367 3870 insulae

184 3913 260 3978 illae
290 3935 407 3978 nomen
436 3911 558 3976 ducunt
578 3911 791 3999 Apsyrtidum
821 3911 874 3996 (cf.
903 3909 1002 3972 etiam
1024 3907 1130 3971 Strab.
1153 3908 1219 3971 VII
1240 3933 1270 3994 p.
1294 3915 1367 3978 315.

186 4016 298 4102 Steph.
308 4017 387 4102 Byz.
400 4040 423 4081 s.
437 4022 492 4098 1.).
516 4017 625 4080 Ceteri
637 4025 746 4078 autem
759 4013 870 4077 dicunt
881 4013 1058 4099 Apsyrtum
1071 4033 1206 4097 puerum
1218 4033 1238 4074 a
1249 4035 1367 4095 sorore,

186 4129 339 4184 necatum
362 4141 431 4184 esse
454 4121 487 4183 in
502 4121 627 4184 Aeetae
650 4119 745 4182 domo
767 4108 857 4181 velut
872 4114 1048 4202 Sophocles
1063 4115 1097 4176 in
1112 4113 1367 4196 Colchidibus1),

187 4296 395 4304 ..-Ἣ-...-

273 4395 294 4462 ¹)
314 4394 353 4450 Cf.
370 4396 449 4450 161161
470 4396 520 4464 Ap.
540 4395 589 4450 Rh.
608 4394 647 4448 IV
665 4397 724 4451 228.
761 4394 887 4448 Welcker
906 4395 993 4464 ‘Trag.
1012 4393 1059 4462 ga’
1078 4412 1103 4462 p.
1122 4395 1180 4450 333.
