3242 4860
740 298 985 361 „100...

267 462 410 544 Quorum
431 464 641 550 distichorum
658 462 781 548 spurios
797 485 867 528 esse
882 464 1040 528 iudicavit
1051 463 1179 528 Palmer
1193 487 1305 530 versus
1322 469 1446 532 75—81

265 567 378 652 (praef.
400 567 477 632 edit.
492 590 524 653 p.
541 566 621 630 XIII
637 567 697 652 sq.)
714 576 747 629 et
762 566 874 630 Peters
890 589 1003 632 versus
1022 573 1148 636 77—80
1164 566 1198 655 (l.
1214 568 1235 632 l.
1250 591 1281 654 p.
1297 572 1338 636 30
1353 567 1447 653 sqq.).

263 669 330 734 Sed
353 680 555 756 argumenta,
579 691 662 755 quae
685 669 898 755 protulerunt,
921 692 1051 756 prorsus
1071 671 1196 735 caduca
1211 682 1309 758 atque
1324 672 1449 734 incerta

266 797 334 838 esse
356 796 544 861 persuasum
568 772 684 836 habeo.
729 772 837 835 Unum
860 795 948 856 vero,
973 795 1036 858 quo
1059 797 1170 838 omnes
1192 773 1358 860 scrupulos
1380 773 1450 838 tolli

265 877 420 958 arbitror,
450 877 550 940 fusius
577 876 708 940 tractari
736 875 843 939 liceat.
888 875 1056 941 Laudatur
1077 878 1162 941 enim
1186 902 1216 941 v.
1242 883 1280 946 77
1303 877 1447 942 Phoebe.

218 982 221 990 “
265 980 361 1060 Quod
383 1003 500 1044 nomen
524 1001 566 1042 ex
589 1002 637 1060 ee,
662 977 748 1064 quod
771 979 909 1064 optimus
932 980 1038 1044 codex
1060 980 1224 1044 Parisinus
1239 983 1288 1062 (Ρ)
1312 978 1449 1044 exhibet

265 1082 479 1170 phoebique,
496 1083 557 1147 etsi
571 1083 605 1146 in
617 1080 908 1167 Guelpherbytano
924 1083 1149 1170 nonnullisque
1166 1082 1235 1147 aliis
1249 1081 1339 1147 libris
1351 1093 1447 1147 notae

265 1187 433 1252 deterioris
451 1185 632 1272 ‘flebatque'
648 1183 768 1268 legitur
783 1185 988 1271 interpolatio
1004 1187 1215 1272 apertissima,
1239 1209 1258 1248 a
1272 1185 1447 1250 Meziriaco

264 1301 354 1355 recte
383 1290 566 1353 restitutum
594 1310 663 1352 esse
691 1288 796 1374 quivis
818 1287 914 1353 facile
938 1290 1107 1354 concedat.
1154 1289 1227 1370 Qua
1248 1290 1448 1374 potissimum

265 1417 362 1458 causa
392 1392 505 1456 ductus
533 1413 661 1456 versum
692 1397 731 1459 77
761 1393 871 1455 nescio
901 1415 963 1478 quo
992 1395 1062 1457 iure
1089 1415 1147 1478 pro
1175 1403 1323 1478 suspecto
1347 1391 1448 1456 habet

262 1497 386 1578 Petere,
402 1518 459 1559 nos
471 1494 589 1558 Ouidio
605 1493 835 1557 vindicandum
851 1517 921 1558 esse
938 1519 1116 1560 censemus.
1140 1495 1323 1559 Falsissime
1339 1505 1448 1559 autern

263 1599 426 1680 fecerunt,
457 1598 512 1683 qui
533 1596 701 1662 Phoebum
724 1597 811 1660 illam
835 1621 899 1661 non
921 1598 1070 1663 Helenae
1093 1620 1252 1680 sororem,
1284 1598 1342 1662 sed
1363 1599 1448 1662 Leu-

264 1703 349 1789 cippi
364 1702 464 1765 filiam
480 1700 548 1764 sive
564 1723 701 1764 uxorem
715 1700 856 1765 Pollucis
867 1707 891 1786 1)
906 1701 1152 1786 intelligendam
1168 1712 1329 1788 putarunt.
1362 1701 1448 1764 Nam

52 1803 53 1808 ’
151 1884 153 1890 7
264 1829 322 1869 cur
338 1805 421 1868 haec
437 1804 478 1867 ab
495 1803 673 1868 Hermiona
692 1803 873 1890 appelletur
888 1827 986 1887 soror,
1001 1806 1146 1891 profecto
1162 1805 1244 1869 nihil
1260 1814 1317 1886 est,
1340 1827 1446 1890 neque

264 1909 391 1973 omnino
415 1907 498 1971 ullus
520 1906 619 1970 credo
642 1907 807 1971 invenitur
828 1908 927 1989 locus,
951 1908 1008 1972 ubi
1032 1909 1147 1972 sororis
1169 1907 1328 1972 vocabule
1351 1908 1447 1992 signi-

264 2010 380 2073 ficetur
401 2033 484 2074 uxor
507 2020 561 2073 aut
583 2009 753 2092 avunculi,
783 2011 809 2074 si
831 2011 1009 2075 Hermione
1033 2033 1066 2074 se
1089 2011 1192 2097 ipsam
1214 2011 1361 2097 respicit,
1391 2019 1448 2074 aut

262 2113 386 2194 fratris,
415 2114 443 2176 si
464 2113 507 2176 ad
529 2112 690 2176 Helenam
713 2124 847 2199 spectat.
891 2114 1005 2200 Itaque
1028 2113 1196 2178 Phoebam
1219 2113 1273 2177 hic
1296 2113 1446 2177 Helenae

262 2237 404 2281 sororem
427 2237 497 2279 esse
521 2226 773 2280 consentaneum
796 2227 853 2281 est.
887 2218 960 2281 Hoc
984 2228 1093 2280 autem
1115 2216 1186 2281 loco
1203 2229 1341 2304 excepto
1357 2217 1445 2280 idem

263 2318 422 2384 distinctis
444 2319 553 2383 verbis
576 2319 747 2404 Euripides
770 2330 905 2384 testatur
927 2320 999 2407 Iph.
1022 2320 1063 2383 A.
1087 2326 1128 2389 49
1151 2343 1233 2405 sqq.:

469 2444 609 2526 ἐγένοντο
632 2439 724 2530 Λήδᾳ
747 2439 897 2509 Θεστιάδι
919 2454 1004 2529 τρεῖς
1026 2446 1188 2529 παρὲνένοι,

469 2547 597 2631 Φοίβη
620 2542 970 2633 Κλυταιμνήστρα
992 2544 1020 2612 τ’
1044 2541 1104 2633 ἐμὴ
1129 2543 1278 2632 ξυνάορος

472 2641 615 2735 Ἑλένη
638 2673 673 2714 τε
696 2654 765 2715 κτλ.

263 2783 351 2864 Quid
379 2783 482 2847 vero?
513 2782 598 2868 quod
622 2783 720 2846 etiam
742 2783 825 2846 alter
847 2796 976 2870 praeter
1000 2784 1154 2849 Ovidium
1176 2795 1274 2871 poeta
1296 2804 1446 2848 romanus

261 2898 326 2950 tres
343 2886 453 2950 Ledae
477 2885 558 2950 filias
573 2885 742 2950 Phoebam
757 2887 1048 2974 Clytaemnestram
1064 2888 1226 2951 Helenam
1242 2887 1330 2952 haud
1347 2885 1446 2950 dubie

261 2990 393 3054 indicat.
438 2990 638 3054 Felicissime
663 2990 749 3053 enirn
763 2990 902 3073 Palmer,
926 3014 990 3076 qua
1014 3014 1083 3056 esse
1106 2991 1188 3056 solet
1210 2989 1333 3075 ingenii
1356 3010 1447 3071 saga-

265 3093 372 3174 citate,
396 3093 623 3156 animadvertit
646 3092 784 3157 disticho
807 3093 1016 3180 Propertiano
1040 3095 1056 3158 Ι
1080 3102 1130 3177 13,
1154 3100 1195 3164 29
1218 3117 1279 3179 sq.:¹

392 3219 463 3276 ‘neo
485 3215 611 3295 mirum,
636 3236 709 3277 cum
732 3216 772 3278 sit
793 3214 872 3278 Iove
896 3213 1014 3299 dignae
1037 3217 1185 3303 proxima
1206 3213 1318 3278 Ledae

469 3326 500 3379 et
523 3315 634 3379 Ledae
656 3327 750 3402 partu
773 3319 903 3402 gratior,
927 3341 992 3381 una
1015 3319 1125 3383 tribus'

261 3453 404 3539 puellam
437 3463 576 3516 amatam
607 3453 671 3516 dici
700 3429 895 3518 antecedere
924 3479 988 3520 non
1017 3467 1084 3520 tam
1113 3455 1225 3518 Ledae
1256 3455 1445 3541 duabusque

263 3557 332 3620 eius
364 3554 507 3638 filiabus,
543 3579 638 3642 quam
671 3557 747 3642 ipsis
779 3557 907 3622 filiabus
939 3559 1008 3623 sive
1037 3559 1149 3623 Ledae
1178 3559 1285 3645 partui
1314 3556 1444 3644 triplici.
1482 3557 1487 3564 ’

261 3659 415 3723 Phoebae
435 3659 536 3743 igitur
558 3683 676 3725 nomen
697 3672 827 3746 praeter
850 3671 976 3726 ceteras
996 3661 1144 3726 Helenae
1167 3683 1290 3727 sorores
1312 3683 1377 3726 non
1399 3661 1446 3724 ita

261 3773 372 3826 notum
395 3761 472 3847 fuit3
496 3784 558 3847 quo
580 3762 630 3846 fit,
654 3773 690 3828 ut
710 3763 781 3827 illos
805 3786 854 3849 ep.
878 3764 960 3828 VIII
983 3788 1104 3848 versus,
1128 3775 1163 3830 ut
1186 3765 1241 3851 qui
1264 3763 1446 3828 doctrinam

262 3865 424 3950 quandam
454 3865 656 3931 reconditam
683 3867 824 3952 sapiant,
855 3869 974 3954 optimo
996 3869 1066 3932 iure
1090 3869 1292 3933 vindicemus
1315 3866 1444 3931 Ovidio.

347 3968 413 4032 Sed
442 3969 529 4032 unde
559 3969 730 4055 disputatio
761 3969 906 4055 digressa
935 3981 999 4054 est,
1031 3983 1244 4051 revertamur,
1288 3970 1339 4033 Ac
1368 3990 1443 4032 cum

260 4071 396 4134 Nasonis
412 4093 585 4136 consensus
600 4095 656 4136 nos
672 4072 812 4156 deficiat,
830 4086 985 4159 quantum
997 4073 1166 4139 Oolluthus
1179 4073 1302 4138 auctori
1314 4070 1443 4153 debeat,

260 4174 398 4238 iudicari
428 4174 496 4238 fere
525 4176 651 4260 nequit:
681 4199 796 4240 verum
820 4178 906 4241 enim
928 4201 1006 4242 vero
1030 4179 1177 4263 quamvis
1199 4177 1300 4241 multa
1322 4173 1446 4238 rhetori

346 4347 367 4414 1)
387 4347 424 4400 ef.
438 4348 581 4402 Burmanni
596 4349 684 4402 adnot.
698 4356 725 4403 et
737 4347 858 4418 Apollod.
868 4351 911 4403 HI
923 4352 963 4416 11,
977 4351 1001 4404 2.
1022 4350 1068 4405 Ov.
1079 4357 1128 4404 art.
1138 4349 1152 4404 I
1164 4354 1223 4408 679.
1242 4350 1302 4404 fast.
1312 4347 1395 4402 V699
1405 4363 1444 4415 sq.
