3242 4860
693 283 907 346 ψη,

207 457 325 520 dicitur
348 461 474 544 ἱμείρων
499 451 549 522 ὑπ’
573 459 663 542 ἔρωτι
686 453 742 520 καί
763 449 800 538 ἣν
825 449 882 521 οὐκ
899 447 961 518 εἶδε
971 453 994 532 1)
1012 449 1141 519 διώκων.
1179 449 1278 514 Cuius
1295 474 1391 515 enun-

206 560 274 624 tiati
298 560 439 644 priorem
459 565 584 644 partem
601 555 739 620 Ovidius
754 554 899 641 pluribus
914 554 1126 640 persequitur,
1152 577 1225 617 eum
1239 553 1391 618 Paridem

205 654 276 727 sese
292 686 311 726 a
326 660 494 749 permultis
509 660 626 747 puellis
640 661 777 746 petitum
794 681 863 723 esse
878 656 1085 744 profitentem
1102 657 1201 721 faciat
1212 681 1243 722 v.
1256 663 1296 727 93
1309 681 1389 744 sqq:

361 788 471 869 ‘utque
495 789 611 866 egeto
636 781 740 866 cupio,
764 780 810 844 sic
833 801 884 844 me
909 779 1039 864 cupiere
1062 777 1209 863 puellae:

411 886 584 951 multarum
607 892 717 949 votum
740 881 808 946 sola
829 891 942 946 tenere
963 891 1065 967 potes.

184 993 257 1059 '915-
363 1011 425 1054 nec
448 998 572 1053 tantum
596 1009 710 1072 regum
733 994 828 1051 natae
851 986 976 1081 petiere
1000 985 1193 1072 ducumque,

410 1093 468 1157 sed
492 1091 643 1178 nymphis
667 1091 764 1154 etiarn
788 1111 930 1175 curaque
954 1112 1106 1176 amorque
1129 1089 1185 1170 fui,

360 1197 451 1286 [quas
474 1218 571 1281 super
593 1194 762 1258 Oenonem
785 1193 885 1258 facies
907 1195 1065 1258 mirabar:
1089 1194 1123 1257 in
1146 1193 1224 1257 orbe

409 1323 470 1364 neo
492 1299 620 1365 Priamo
643 1306 692 1362 est
714 1321 734 1361 a
756 1307 788 1361 te
812 1297 939 1382 dignior
961 1298 1027 1363 ulla
1050 1295 1172 1384 nurus]

340 1403 417 1468 'sed
439 1402 519 1466 mihi
543 1411 732 1466 cunctarum
755 1401 893 1486 subeunt
916 1402 1053 1483 fastidia,
1077 1409 1246 1486 postquam

410 1507 551 1591 coniugii
574 1529 646 1592 spes
670 1515 728 1587 est,
752 1503 906 1590 Tyndari,
930 1505 1018 1570 facta
1039 1506 1104 1570 tui'.

207 1626 299 1705 Quae
330 1626 469 1691 disticha
494 1613 655 1708 colorem,
689 1625 791 1712 qualis
813 1626 1110 1692 Alexandrinorum
1138 1629 1172 1690 in
1195 1626 1390 1690 carminibus

205 1731 368 1794 amatoriis
390 1751 487 1816 saepe
510 1729 586 1811 fuit,
613 1753 692 1816 prae
716 1752 749 1793 se
772 1729 858 1794 ferre
882 1731 1044 1794 neminem
1067 1729 1166 1815 fugit,
1195 1751 1390 1816 quamquam

204 1833 309 1898 nullus
336 1834 500 1898 invenitur
521 1833 625 1916 locus,
657 1832 712 1919 qui
735 1855 809 1897 cum
832 1833 894 1898 hoo
918 1831 1079 1898 Ouidiano
1102 1832 1199 1918 plane
1223 1840 1388 1917 congruat.

203 1938 306 2002 Poeta
336 1937 421 2002 enim
444 1937 556 2001 amasii
577 1937 632 2000 vel
655 1946 781 2000 amatae
803 1946 1023 2018 venustatem,
1053 1946 1089 2001 ut
1111 1936 1152 2000 de
1175 1959 1215 2000 ea
1237 1946 1388 2021 exponat,

81 2069 84 2077 *
192 2062 267 2105 'non
301 2051 368 2105 tarn
401 2040 572 2123 describit,
606 2062 702 2127 quam
737 2039 814 2126 quid
848 2062 887 2104 ea
921 2040 1072 2105 effectum
1101 2041 1141 2104 sit
1169 2039 1264 2103 dicit:
1303 2039 1389 2125 quod

204 2143 384 2208 hellenistis
413 2145 613 2231 potissimum
641 2145 793 2208 usitatum
816 2144 913 2208 luisse
937 2144 1139 2232 exploratum
1163 2153 1220 2208 est.
1265 2143 1390 2207 Similia

205 2247 357 2334 exempla
379 2270 398 2311 a
420 2247 578 2333 Diltheyo
602 2246 718 2333 (‘Oyd.'
735 2271 765 2333 p.
782 2253 824 2316 32
839 2253 919 2334 sqq.)
944 2257 977 2312 et
990 2247 1118 2312 Rohdio
1142 2245 1352 2332 (p.15‘ladn.
1371 2255 1385 2314 1

205 2361 238 2415 et
252 2375 282 2436 p.
302 2357 363 2420 162
380 2351 454 2415 adn.
471 2357 503 2430 2)
520 2351 706 2433 afferuntur,
728 2371 863 2437 quorum
878 2350 1170 2436 praeclarissimum
1186 2349 1274 2413 haud
1291 2349 1389 2414 dubie
1437 2371 1439 2374 ·

204 2466 253 2519 est
284 2455 416 2519 Acontii
452 2463 613 2519 amatores
648 2464 779 2540 praetor
813 2454 996 2541 Cydippam
1033 2477 1144 2518 omnes
1182 2453 1390 2540 despicientis

204 2558 340 2640 (Gallim.
370 2557 448 2642 fgm.
479 2563 542 2627 260
569 2557 667 2622 Schn.
690 2550 828 2644 Dilthey
857 2582 888 2644 p.
918 2563 994 2637 44).
1038 2558 1128 2621 Addi
1156 2558 1254 2622 liceat
1281 2557 1390 2620 locum

203 2661 452 2743 Theocriteum,
486 2661 543 2726 ubi
573 2661 712 2748 Cyclops
746 2686 765 2726 a
793 2661 908 2748 puellis
942 2683 1013 2726 sese
1042 2661 1220 2725 desiderari
1251 2660 1389 2723 affirmat

204 2764 307 2850 (idyll.
332 2765 392 2828 XX
415 2769 483 2846 77);
508 2763 608 2833 πολλὰ
633 2770 825 2852 συμπαίσδεν
850 2794 889 2851 με
913 2765 1005 2852 κόραι
1027 2763 1085 2833 τὰν
1108 2763 1209 2833 νύκτα
1232 2769 1387 2832 κέλονται.

196 2867 340 2957 ,Legitur
362 2890 457 2949 vero,
488 2868 574 2953 quod
596 2869 821 2952 gravissimum
843 2868 991 2950 videtur,
1015 2868 1101 2954 apud
1123 2867 1263 2931 Dionem
1286 2864 1389 2951 Chry-

203 2980 377 3036 sostomum
407 2971 587 3036 simillimus
615 2971 723 3054 locus,
754 2995 816 3059 quo
844 2973 970 3037 Paridis
1002 2995 1080 3056 erga
1108 2970 1270 3034 Helenam
1300 2993 1389 3034 amor

202 3073 381 3138 illustratur
404 3075 463 3162 (or.
487 3075 547 3138 XX
569 3098 601 3161 p.
624 3081 697 3159 294,
721 3083 760 3146 31
785 3076 914 3162 Dind.):
939 3078 994 3144 καί
1019 3075 1056 3162 δὴ
1081 3075 1142 3155 τὰς
1165 3080 1220 3163 μὲν
1245 3080 1275 3142 ἐν
1303 3073 1387 3165 Ἰλίῳ

203 3176 330 3265 νύμφας
364 3181 420 3248 καὶ
452 3185 631 3268 παρῖνένους
661 3179 719 3249 ἅτε
749 3179 897 3269 τύραννος
926 3179 964 3247 ὢν
987 3179 1124 3268 ἠτίμαζε
1149 3181 1205 3248 καί
1229 3177 1285 3246 οὐκ
1310 3175 1388 3270 ᾤετο

205 3279 300 3362 ἀξίας
322 3295 440 3370 τυχεῖν,
470 3279 587 3370 ὁμοίως
611 3284 645 3350 δὲ
668 3282 808 3362 καὶτὰς
830 3287 937 3351 Λυδῶν
960 3312 996 3352 τε
1019 3285 1075 3352 καί
1099 3287 1244 3370 Φρυγῶν,
1269 3280 1330 3360 τάς
1352 3309 1387 3348 τε

205 3389 235 3452 ἐν
251 3390 362 3478 Λέσβῳ
388 3387 444 3454 καί
466 3385 527 3466 τὰς
551 3391 581 3454 ἐν
597 3391 705 3477 Μυσίᾳ
728 3399 881 3472 γυναῖκας
904 3384 1073 3476 ὑπερεώρα.
1111 3387 1225 3472 Itaque
1242 3385 1388 3472 quamvis

206 3486 362 3574 Ovidium
383 3488 455 3554 illas
478 3490 653 3554 sententias
677 3512 719 3553 ex
741 3499 907 3574 apparatu,
931 3499 967 3554 ut
988 3491 1034 3554 ita
1056 3491 1173 3572 dicam,
1197 3489 1299 3557 τόπων
1317 3493 1387 3576 ἐρω-

203 3596 297 3660 τικῶν
327 3593 498 3678 sumpsisse
529 3602 639 3678 putes,
670 3602 780 3657 tamen
810 3616 883 3658 cum
914 3595 1012 3657 etiam
1034 3594 1115 3677 Dio,
1146 3594 1264 3679 quippe
1293 3614 1389 3677 quern

203 3693 449 3759 hellenistarum
464 3696 628 3760 aemulum
643 3696 740 3760 fuisse
757 3706 883 3762 constet
893 3702 927 3779 2),
952 3698 1084 3762 easdem
1098 3698 1167 3763 fere
1184 3696 1389 3782 expresserit,

203 3806 376 3884 utrumque
399 3798 462 3864 loci
484 3798 569 3867 illius
591 3799 838 3864 fundamentum
862 3824 879 3865 e
897 3804 1058 3866 communi
1072 3802 1160 3866 fonte
1178 3799 1388 3864 alexandrino

204 3901 430 3987 depromptum
460 3925 517 3967 suo
547 3926 636 3968 more
663 3902 826 3968 rhetorice
850 3905 1064 3990 amplificasse
1087 3905 1211 3968 haesito
1236 3927 1276 3967 an
1298 3912 1389 3966 recte

288 4091 310 4160 ¹)
330 4093 373 4147 Sic
392 4095 507 4162 optimus
525 4095 582 4150 eod.
601 4095 705 4160 Mutia,
725 4111 884 4164 quamquam
902 4099 925 4152 si
944 4097 1056 4151 alterum
1074 4097 1163 4151 Ovidii
1181 4111 1286 4149 versum
1304 4097 1387 4162 respi-

203 4179 300 4243 cimus,
328 4194 362 4232 an
388 4186 536 4235 ceterorum
560 4181 687 4234 librorum
713 4198 774 4236 msc.
799 4183 877 4237 lectio
904 4182 980 4237 οἶδε
1006 4183 1044 4236 illi
1069 4183 1245 4252 praeferenda
1270 4183 1318 4247 sit,
1346 4182 1389 4234 hic

204 4264 309 4332 quidem
332 4265 454 4320 dubitare
473 4283 621 4335 possumus.

290 4349 372 4418 ²)De
391 4351 477 4406 Dione
494 4353 695 4408 hellenistarum
714 4356 818 4410 aemulo
837 4355 904 4410 conf.
924 4356 1016 4410 Rohde
1034 4373 1058 4425 p.
1078 4357 1137 4410 298.
1157 4355 1206 4410 509
1225 4373 1280 4429 sqq.
