3242 4860
679 297 805 359 ...⁴61
851 331 893 342 .-

192 465 357 528 Luoianus
378 487 456 528 vero
475 464 580 527 minus
597 463 765 547 eleganter
779 485 847 526 rem
863 463 1068 548 persequitur
1083 486 1138 528 suo
1156 486 1233 529 sane
1249 455 1378 550 ingenie

193 567 365 652 indulgens
388 568 420 654 (ξ
444 569 494 654 7);
526 567 605 630 facit
635 567 720 630 enim
743 565 909 646 Paridem,
940 565 997 629 ubi
1027 566 1104 630 deas
1128 577 1161 630 et
1182 567 1379 635 Mercurium

193 671 285 753 vidit,
308 694 373 735 non
395 670 584 755 fugientem,
609 670 666 734 sed
689 668 792 734 salute
814 668 889 732 data
905 669 1098 755 redditaque
1113 682 1292 754 rogantem,
1316 696 1379 759 qua

195 775 235 840 de
259 797 357 838 causa
378 775 539 856 venerint,
563 784 661 858 atque
685 795 758 836 cum
780 771 852 836 illos
875 771 917 836 ab
933 771 1011 836 Iove
1035 774 1146 837 missos
1161 774 1274 840 adesse
1291 777 1380 840 audi—

193 879 288 960 verit,
313 889 380 942 tum
404 878 535 941 demum
559 886 648 940 metu
670 876 832 962 occupari.

279 981 395 1045 Primis
411 991 532 1056 *autem
557 1004 629 1045 eum
652 979 778 1061 verbis,
807 978 923 1064 quibus
945 979 979 1042 in
1003 978 1114 1045 Ovidii
1138 982 1275 1068 epistula
1296 984 1380 1046 Mer-

194 1085 302 1149 curius
325 1083 568 1148 adulescentem
585 1083 771 1168 alloquitur:
795 1088 911 1168 ‘pone
934 1083 1093 1148 metum'
1109 1084 1154 1169 (v.
1170 1086 1235 1172 68),
1260 1089 1380 1172 optime

195 1188 410 1269 conferantur,
434 1188 551 1273 quibus
573 1187 661 1251 idem
676 1186 802 1250 Paridis
825 1187 966 1250 animum
991 1187 1178 1273 tranquillat
1199 1190 1233 1251 in
1253 1189 1380 1275 dialogo

195 1291 376 1356 Luciane0:
411 1297 443 1361 τί
466 1297 600 1389 ντρέμεις
629 1292 684 1359 καὶ
717 1289 849 1380 ὠχριᾷςς
886 1290 935 1378 μὴ
969 1294 1121 1361 ’δέδι’ἓιι·
1157 1293 1292 1380 χαλεπὸν
1320 1295 1380 1384 γὰρ

195 1395 290 1464 οὐδέν.
303 1396 327 1481 ¹)
361 1395 430 1458 Nee
454 1394 559 1458 minus
581 1393 667 1457 inter
690 1415 723 1457 se
737 1401 927 1477 'congruere
943 1392 1091 1458 videmus
1111 1406 1222 1459 cetera
1237 1395 1382 1462 Mercuri

194 1498 306 1580 verba,
330 1509 363 1562 et
386 1520 469 1583 quae
493 1499 623 1562 suntin
645 1497 783 1561 Nasonis
807 1507 840 1560 et
863 1519 945 1582 quae
968 1497 1001 1560 in
1024 1496 1167 1561 Oolluthi
1189 1521 1228 1562 ac
1244 1500 1381 1566 Luciani

194 1603 388 1666 narratione.
434 1601 645 1666 Conferamus
668 1601 730 1665 Ov.
754 1624 785 1664 ν.
809 1606 850 1668 69
874 1623 936 1686 sq.:

326 1723 482 1788 ‘arbiter
506 1746 544 1787 es
566 1722 761 1808 formae⁹):
788 1721 998 1786 certamina
1020 1722 1095 1786 siste
1120 1722 1262 1806 dearum,

399 1828 532 1892 vincere
556 1849 639 1913 quae
663 1827 765 1890 forma
789 1825 887 1910 digna
910 1825 951 1888 sit
973 1847 1038 1887 una
1060 1824 1158 1907 duas’,

195 1964 311 2050 quibus
333 1965 424 2028 Paris
446 1959 529 2050 liaeo
552 1964 660 2028 addit:

326 2091 419 2149 ‘neve
443 2106 638 2166 recusarem,
662 2084 771 2148 verbis
794 2083 880 2148 iovis
902 2085 1041 2170 imperat
1064 2096 1096 2149 et
1119 2109 1153 2149 se

399 2189 545 2274 protinus
567 2189 723 2252 aetherea
746 2186 830 2251 tollit
851 2189 885 2251 in
908 2198 994 2251 astra
1017 2190 1089 2268 via',

196 2335 229 2389 et
251 2325 392 2390 Colluth.
416 2349 447 2390 v.
473 2331 534 2396 129
557 2349 617 2412 sq.:

326 2451 414 2535 δεῦρο
438 2445 685 2535 {repromissione
708 2451 910 2535 ἐπουρανίῃσι
933 2445 1085 2526 δικάζων·

327 2555 417 2636 δεῦρο
441 2555 605 2638 διακρίνων
629 2555 876 2638 προφερέστερον
902 2547 983 2628 εἶδος
1008 2549 1137 2638 ὀπωπῆς

326 2657 517 2742 φαιδροτέρῃ
541 2651 613 2720 πόδε
638 2658 745 2740 μῆλον,
773 2651 927 2740 ἐπήρατον
952 2658 1046 2740 ἔρνος,
1073 2652 1227 2733 ὀπάσσαις
1237 2655 1262 2740 ³)
1278 2695 1322 2703 -

286 2897 306 2962 ¹)
323 2895 402 2964 Aqud
428 2895 640 2950 Oolluthum
654 2897 741 2964 prima
764 2894 881 2948 Mercuri
905 2895 985 2948 verba
1008 2897 1075 2950 haec
1100 2899 1161 2948 sunt
1186 2897 1219 2962 (v.
1246 2899 1296 2952 128
1318 2900 1381 2967 sq.):

196 2985 330 3050 γαῦλον
348 2980 558 3050 ἀπορρίψας
576 2985 622 3035 καὶ
641 2983 719 3035 πεόεα
737 2978 808 3034 καλὰ
820 2980 947 3048 μεθήσας
961 3020 966 3030 .
982 3023 987 3033 .
1003 3023 1007 3033 ,
1021 2980 1240 3048 θεμιστεύσειας.
1267 2983 1382 3048 Quorum

198 3069 330 3122 sententia
348 3069 371 3122 si
389 3076 459 3122 recte
478 3069 600 3136 traditur,
620 3069 751 3137 scriptura
763 3069 866 3134 γαῦλον
877 3085 909 3120 ex
923 3067 979 3122 cod.
993 3068 1088 3121 Mutin.
1108 3069 1261 3123 aBekkcro
1273 3081 1382 3139 recepta

197 3163 268 3208 certe
293 3156 320 3208 iu
344 3153 478 3221 yuvldv
503 3154 659 3222 corrigenda
682 3159 736 3208 est:
763 3153 889 3220 inspicias
907 3155 977 3208 enim
996 3155 1130 3208 Eustathii
1149 3157 1329 3210 testimonium
1348 3159 1382 3212 ad

198 3241 274 3294 Hom.
294 3242 370 3302 2223
388 3239 423 3308 (p.
443 3241 524 3306 1626,
549 3241 588 3307 8):
615 3242 641 3294 οἱ
666 3240 777 3307 γαυλοί·
804 3237 875 3292 κατὰ
899 3237 949 3306 τὴν
967 3238 1090 3294 παλαιὰν
1109 3241 1266 3306 παράδοσιν
1283 3243 1383 3311 pactis

197 3325 247 3394 pla
259 3323 396 3391 ὀξυτόνως
409 3325 516 3395 ἄγγελον
528 3325 698 3394 ποιμενικόν,
717 3327 816 3393 pariles
830 3323 860 3378 dl
873 3325 1032 3393 βαρυτόνως
1045 3323 1119 3388 εἶδος
1129 3327 1250 3394 ἑτεροῖον
1261 3326 1384 3395 σκοὶφοος

114 3399 118 3416 ’
197 3415 246 3466 τοῦ
265 3411 335 3468 κατὰ
354 3417 452 3465 πίοῑον
465 3411 506 3481 (z
522 3413 602 3467 schol.
616 3412 661 3466 Ar.
674 3429 713 3466 av.
727 3411 802 3478 598):
822 3409 922 3479 γανίύς
939 3413 1021 3479 igitur
1033 3413 1152 3467 mulctra.
1184 3415 1281 3467 Mirum
1294 3423 1382 3468 tamen

198 3500 328 3564 videatur,
340 3499 409 3567 quod
420 3506 449 3552 ut
458 3517 516 3554 eam
526 3500 624 3552 abiciat
632 3499 708 3552 Paris
717 3497 881 3562 admonetur,
896 3503 987 3565 utpote
997 3500 1042 3568 qui
1051 3502 1207 3567 perterritus
1217 3503 1257 3555 vel
1267 3500 1382 3554 fistulam

198 3586 327 3640 abiecisse
346 3591 373 3640 et
390 3586 490 3653 fugisse
508 3591 570 3638 ante
583 3584 694 3638 dicatur.
724 3583 868 3650 scrupulus
880 3584 992 3638 sortasse
1006 3589 1148 3652 evanescit,
1167 3588 1190 3640 si
1203 3585 1383 3654 ἀπορρίπτειν

198 3673 403 3739 interpretamur
426 3671 584 3739 ‘despicere
610 3670 765 3738 aspernari',
791 3677 818 3724 et
836 3671 974 3724 mulctram
994 3670 1026 3724 de
1044 3674 1160 3739 pastoris
1178 3688 1286 3727 munere
1305 3679 1383 3742 atque

198 3774 280 3826 opera
304 3758 355 3812 dici
380 3762 503 3826 pariamus
528 3757 607 3823 (‘gieb
632 3757 730 3809 deincn
748 3755 924 3810 Hirteuberuf
940 3757 1016 3824 auf’).
1051 3759 1095 3812 Sic
1117 3766 1205 3812 autem
1224 3760 1382 3826 reliquorum

197 3844 317 3898 codicum
335 3844 413 3898 lectio
426 3842 527 3912 τάρβος
540 3841 698 3909 ἀπορρίψας
710 3841 873 3909 repudiatur,
892 3860 969 3910 quam
982 3843 1015 3896 ab
1028 3845 1217 3911 interpolatore
1230 3846 1383 3898 notissimae

198 3930 315 3984 eiusdem
327 3931 379 3984 loci
392 3929 528 3993 versionis
547 3929 632 3997 qualis
645 3929 678 3981 ab
691 3927 785 3982 Ouidio
797 3937 824 3982 et
836 3929 954 3982 Luciano
968 3930 1117 3994 exhibetur,
1130 3931 1241 3983 memori
1253 3931 1383 3984 intrusam

197 4033 257 4070 esse
275 4018 355 4070 statui
374 4017 444 4070 licet.

283 4100 304 4171 2)
323 4101 425 4157 Eadem
443 4119 493 4156 vox
511 4098 607 4167 μορφή
625 4106 767 4168 usurpatur
785 4099 848 4153 Eur.
867 4101 927 4154 Hel.
946 4102 987 4153 26.
1018 4101 1075 4169 lph.
1088 4101 1120 4155 A.
1135 4103 1192 4155 184.
1223 4101 1319 4156 Troad.
1333 4101 1383 4156 9l5

197 4187 240 4256 (el.
261 4188 375 4242 Colluth.
394 4206 416 4241 v.
436 4189 477 4241 81.
497 4189 555 4242 160.
575 4189 632 4240 191.
651 4187 721 4253 293).

283 4273 304 4342 ³)
322 4274 393 4328 Iovis
411 4274 563 4327 mandatum
577 4273 716 4326 Colluthus
734 4272 793 4326 ideo
813 4272 919 4335 omittit,
939 4274 1001 4340 quia
1018 4279 1097 4326 antea
1114 4273 1141 4326 id
1158 4274 1307 4328 luculenter
1323 4290 1383 4342 pro·

197 4361 258 4414 tulit
276 4379 300 4413 v.
320 4361 351 4412 71
372 4376 428 4429 sqq.
1365 4355 1370 4366 ’
