3242 4860
683 298 953 375 --77-Ι

199 486 318 559 autem,
342 501 438 564 quem
461 477 516 541 hic
539 487 635 562 poeta
658 478 828 562 significat,
851 480 1019 541 numinum
1042 479 1075 541 in
1097 480 1234 544 navibus
1254 481 1385 564 pingen-

201 580 323 663 dorum,
348 604 484 667 quorum
507 581 642 665 quisque
665 580 786 644 tutelae
810 603 880 644 sese
903 579 1004 661 dedit,
1028 581 1268 646 usitatissimum
1289 583 1386 646 etiam

201 683 286 770 apud
309 683 454 748 Graecos
476 683 575 748 fuisse
597 683 757 748 Meursius
779 693 889 748 monet
911 683 953 746 ad
975 662 1139 770 Lycophr.
1163 708 1194 750 v.
1222 691 1293 754 110.

285 786 438 873 Denique
462 773 596 851 comites
611 785 763 851 Paridem
781 787 815 850 in
831 785 1003 851 Graeciam
1020 797 1147 852 secutos
1164 811 1232 852 esse
1249 789 1387 853 Ovidius

199 890 323 954 indicat
339 913 389 976 ep.
407 889 484 954 XVI
499 895 579 958 331:
597 890 706 954 ‘Troia
721 889 830 954 classis
846 889 938 953 adest
953 891 1049 954 armis
1064 891 1222 955 instructa
1237 892 1386 978 virisque'

201 1004 290 1058 6116
314 993 477 1058 rhetorice
500 993 698 1080 amplificata
721 1016 770 1078 ep.
795 992 876 1056 XHI
898 996 939 1061 59
963 1014 1026 1078 sq.:

287 1113 399 1179 ‘classe
422 1113 564 1200 virisque
587 1124 710 1200 potens,
734 1135 793 1198 per
816 1135 899 1199 quae
922 1113 991 1176 fera
1014 1112 1100 1180 bella
1122 1124 1293 1196 geruntur:

355 1226 388 1282 61
410 1218 554 1302 sequitur
576 1218 670 1302 regni
691 1240 766 1304 pars
790 1226 888 1302 quota
911 1237 1072 1302 quemque
1097 1216 1172 1280 suil'

200 1357 265 1420 Eos
293 1365 403 1420 autern
432 1379 473 1420 ne
502 1355 590 1441 apud
620 1354 866 1418 alexandrinum
897 1354 1029 1439 quidem
1057 1363 1224 1418 auctorem
1247 1355 1387 1419 defuisse

202 1468 235 1524 et
266 1481 324 1544 per
346 1481 380 1522 se
403 1469 493 1544 patet
516 1467 548 1523 et
570 1458 716 1539 forsitan,
747 1457 773 1520 si
797 1456 875 1543 quid
897 1456 974 1520 huic
997 1457 1125 1523 omnino
1148 1456 1218 1522 loco
1242 1458 1386 1522 tribuere

201 1565 266 1642 vis,
302 1562 472 1646 colligatur
501 1583 520 1624 e
549 1560 689 1625 Oolluth.
721 1585 752 1625 v.
783 1565 847 1628 224
876 1583 922 1646 sq.
974 1559 1044 1623 Nec
1074 1568 1183 1623 tamen
1214 1570 1298 1642 erat,
1332 1583 1389 1624 cur

201 1667 390 1730 nominatim
412 1665 622 1729 laudarentur
644 1665 791 1745 Aeneas,
822 1674 858 1727 ut
880 1686 900 1726 a
921 1663 1115 1748 Cypriorum
1139 1665 1309 1749 scriptore,
1334 1672 1390 1727 aut

202 1769 267 1850 alii,
291 1778 326 1832 ut
348 1792 368 1832 a
390 1761 568 1832 Dracontio
592 1767 700 1854 (Rapt.
724 1765 799 1830 Hel.
823 1771 885 1836 231)
909 1769 1003 1852 sqq).

288 1871 340 1935 De
370 1874 481 1936 ttinere
511 1874 597 1956 apso,
628 1870 714 1956 quod
737 1869 923 1952 Oolluthus,
953 1878 990 1932 ut
1011 1879 1108 1955 poeta
1131 1870 1256 1955 epicus,
1288 1870 1388 1935 multo

202 1973 334 2038 uberius
371 1984 516 2058 enarrat,
555 1974 642 2061 apud
677 1973 840 2038 Nasonem
876 1973 967 2036 Paris
1004 1972 1066 2037 hoc
1105 1980 1229 2036 tantum
1268 1973 1390 2059 profert

202 2102 234 2142 v.
260 2082 320 2145 127
344 2100 405 2163 sq.:

358 2197 523 2284 ‘portubus
546 2197 698 2282 egredior
718 2197 889 2281 ventisque
911 2195 1090 2260 ferentibus
1113 2218 1187 2260 usus

410 2301 555 2386 applicor
577 2302 611 2364 in
632 2314 745 2383 terras,
770 2299 889 2364 Oebali
911 2299 1066 2385 nympha,
1090 2300 1180 2381 tuas,
1299 2387 1300 2390 Ἴ

173 2385 179 2397 ·
204 2439 321 2524 quibus
344 2439 429 2503 adde
451 2464 483 2504 v.
507 2444 545 2508 21
571 2462 639 2525 sqq.
664 2439 719 2526 (de
742 2438 900 2525 Venere):

358 2559 431 2624 ‘hac
455 2561 538 2624 duce
561 2559 658 2644 Sigeo
682 2558 796 2623 dubias
819 2581 839 2622 a
859 2557 954 2622 litore
976 2558 1040 2622 feci

306 2677 308 2680 ’
408 2663 505 2748 longa
526 2662 707 2727 Phereclea
729 2685 787 2748 per
809 2661 893 2727 freta
915 2683 1023 2746 puppe
1046 2663 1132 2745 vias3

359 2767 415 2831 illa
439 2767 529 2831 dedit
551 2767 662 2831 faciles
686 2789 780 2830 auras
802 2774 980 2850 ventosque
1004 2764 1178 2828 secundos:
1274 2848 1276 2851 .

410 2871 445 2934 in
466 2891 556 2934 mare
578 2870 731 2933 nimirum
753 2869 802 2932 ius
825 2867 926 2933 habet
949 2877 1019 2932 orta
1040 2867 1141 2931 mari'.

205 3009 253 3074 Of.
279 3011 375 3074 etiam
399 3031 450 3094 ep.
472 3008 488 3073 I
511 3013 531 3077 5
553 3029 599 3092 sq.
633 3008 720 3077 Vre
737 3029 783 3092 sq.
822 3011 863 3074 53
880 3030 925 3092 sq.
963 3005 1143 3069 Dissentire
1165 3004 1219 3068 hic
1243 3004 1390 3069 videmus

206 3112 360 3178 Ovidium
377 3135 453 3175 cum
467 3110 628 3191 Collutho‚
645 3111 700 3196 qui
716 3110 867 3174 Paridem
882 3131 980 3173 saeva
995 3118 1188 3193 tempestate
1203 3131 1390 3193 oppressum

206 3239 276 3280 esse
291 3215 390 3280 tradit
404 3239 435 3278 v.
448 3219 511 3282 206
524 3236 592 3300 sqq.
617 3214 723 3293 Quam
738 3214 856 3276 vividis
873 3212 1034 3277 coloribus
1050 3213 1147 3275 etiam
1161 3213 1195 3275 in
1211 3211 1390 3297 exemplari

206 3319 418 3384 alexandrino
448 3328 522 3382 ante
552 3316 662 3381 oculos
684 3317 821 3400 positam
843 3317 940 3380 fuisse
965 3338 1039 3378 cum
1062 3315 1103 3379 ob
1126 3315 1228 3400 ipsam
1251 3315 1391 3380 Colluthi

205 3423 418 3487 imitationem
447 3420 543 3484 facile
574 3420 706 3500 credas,
737 3427 806 3482 tum
837 3419 1079 3483 certaratione
1102 3418 1300 3503 probabilius
1322 3418 1389 3482 1616

206 3549 309 3611 spero.
354 3525 508 3608 Legimus
538 3523 624 3590 enim
656 3521 743 3607 apud
765 3521 951 3587 Colluthum
982 3530 1209 3608 tempestatem
1236 3520 1325 3584 illam
1348 3523 1389 3586 ab

206 3628 339 3709 Iunone,
358 3637 445 3713 puto,
462 3628 591 3690 missam
606 3626 835 3709 navigantibus
851 3625 1035 3710 apparuisse
1052 3624 1252 3713 πολυτλήτων
1270 3625 1391 3714 σημήια

207 3731 345 3821 sopitos.
368 3729 522 3794 Ominum
534 3739 642 3793 autem
654 3729 851 3793 mentionem
863 3727 1048 3791 hellenistas
1060 3729 1094 3791 in
1107 3727 1231 3791 deliciis
1241 3727 1390 3792 habuisse

206 3844 375 3919 postquam
399 3855 417 3896 6
441 3833 538 3896 661116
561 3831 719 3918 exemplis
743 3830 969 3895 Callimacheis
992 3831 1107 3894 Naeke
1131 3829 1246 3913 l‘Hec!
1267 3833 1404 3915 112441·

207 3947 240 4000 et
254 3936 390 4001 Hecker
406 3936 608 4016 (‘Oomment.
624 3933 759 3998 Gallim!
774 3958 805 4019 p.
825 3940 897 4013 100)
921 3933 1230 4014 animadverterunt,
1253 3932 1391 4018 Dilthey

208 4040 431 4126 comprobavit
456 4039 528 4105 loco
556 4062 620 4104 non
642 4038 750 4102 fallaci
774 4061 816 4102 ex
840 4037 901 4101 Ov.
926 4061 976 4123 ep.
1001 4037 1077 4101 XXI
1100 4043 1139 4104 117
1163 4059 1231 4122 sqq.
1256 4048 1391 4123 sumpto,

207 4145 262 4228 qui
285 4144 401 4208 eodem
423 4142 492 4206 fere
516 4165 554 4206 ac
575 4141 764 4205 Collutheus
787 4142 927 4226 pertinet
949 4139 1268 4226 (1611365169).
1307 4140 1392 4204 Illud

206 4249 305 4332 igitur
335 4245 376 4309 de
406 4270 462 4311 suo
492 4245 652 4309 invenisse
684 4253 716 4306 ct
739 4242 901 4307 addidisse
924 4246 1029 4328 ipsum
1051 4242 1193 4307 Colluthi
1216 4252 1391 4321 auctorem,

206 4351 368 4415 Nasonem
391 4351 580 4414 memoriam
605 4348 769 4432 accepisse
794 4369 998 4410 communem
1020 4369 1084 4409 non
1108 4346 1176 4408 sine
1201 4367 1297 4410 causa
1320 4369 1393 4410 con-
