<?xml version="1.0" encoding="UTF-8"?>
<!DOCTYPE html PUBLIC "-//W3C//DTD XHTML 1.0 Transitional//EN"
    "http://www.w3.org/TR/xhtml1/DTD/xhtml1-transitional.dtd">
<html xmlns="http://www.w3.org/1999/xhtml" xml:lang="en" lang="en">
 <head>
  <title>
</title>
<meta http-equiv="Content-Type" content="text/html;charset=utf-8" />
  <meta name='ocr-system' content='tesseract 3.04.00' />
  <meta name='ocr-capabilities' content='ocr_page ocr_carea ocr_par ocr_line ocrx_word'/>
</head>
<body>
  <div class='ocr_page' id='page_1' title='image "./analectaovidian00zlgoog_0084.png"; bbox 0 0 3242 4860; ppageno 0'>
   <div class='ocr_carea' id='block_1_1' title="bbox 653 299 900 362">
    <p class='ocr_par' dir='ltr' id='par_1_1' title="bbox 653 299 900 362">
     <span class='ocr_line' id='line_1_1' title="bbox 653 299 900 362; baseline 0.004 -1"><span class='ocrx_word' id='word_1_1' title='bbox 653 299 900 362; x_wconf 48' lang='grc' dir='ltr'>4ν---79--</span> 
     </span>
    </p>
   </div>
   <div class='ocr_carea' id='block_1_2' title="bbox 201 461 1388 1274">
    <p class='ocr_par' dir='ltr' id='par_1_2' title="bbox 201 461 1388 1069">
     <span class='ocr_line' id='line_1_2' title="bbox 288 461 1386 550; baseline 0.004 -22"><span class='ocrx_word' id='word_1_2' title='bbox 288 467 360 530; x_wconf 90' lang='lat' dir='ltr'>Hoc</span> <span class='ocrx_word' id='word_1_3' title='bbox 390 478 500 531; x_wconf 88' lang='lat' dir='ltr'>tamen</span> <span class='ocrx_word' id='word_1_4' title='bbox 530 467 600 529; x_wconf 90' lang='lat' dir='ltr'>iure</span> <span class='ocrx_word' id='word_1_5' title='bbox 628 465 721 530; x_wconf 91' lang='lat' dir='ltr'>nobis</span> <span class='ocrx_word' id='word_1_6' title='bbox 748 464 903 549; x_wconf 87' lang='lat' dir='ltr'>suspicari</span> <span class='ocrx_word' id='word_1_7' title='bbox 924 463 1001 527; x_wconf 88' lang='lat' dir='ltr'>licet</span> <span class='ocrx_word' id='word_1_8' title='bbox 1023 461 1209 550; x_wconf 81' lang='lat' dir='ltr'>Colluthum</span> <span class='ocrx_word' id='word_1_9' title='bbox 1232 487 1322 530; x_wconf 88' lang='lat' dir='ltr'>suam</span> <span class='ocrx_word' id='word_1_10' title='bbox 1345 470 1386 532; x_wconf 89' lang='lat' dir='ltr'>de</span> 
     </span>
     <span class='ocr_line' id='line_1_3' title="bbox 201 565 1387 651; baseline 0.003 -19"><span class='ocrx_word' id='word_1_11' title='bbox 201 570 255 634; x_wconf 93' lang='lat' dir='ltr'>illc</span> <span class='ocrx_word' id='word_1_12' title='bbox 284 571 399 634; x_wconf 88' lang='lat' dir='ltr'>itinere</span> <span class='ocrx_word' id='word_1_13' title='bbox 429 571 648 634; x_wconf 80' lang='lat' dir='ltr'><strong>narrationem</strong></span> <span class='ocrx_word' id='word_1_14' title='bbox 676 569 709 631; x_wconf 91' lang='lat' dir='ltr'>in</span> <span class='ocrx_word' id='word_1_15' title='bbox 731 569 918 631; x_wconf 88' lang='lat' dir='ltr'>universum</span> <span class='ocrx_word' id='word_1_16' title='bbox 942 589 966 628; x_wconf 54' lang='lat' dir='ltr'>o¹</span> <span class='ocrx_word' id='word_1_17' title='bbox 981 576 1130 651; x_wconf 81' lang='lat' dir='ltr'>poemate</span> <span class='ocrx_word' id='word_1_18' title='bbox 1146 565 1296 640; x_wconf 60' lang='lat' dir='ltr'>,hausisse</span> <span class='ocrx_word' id='word_1_19' title='bbox 1320 571 1387 636; x_wconf 92' lang='lat' dir='ltr'>hel-</span> 
     </span>
     <span class='ocr_line' id='line_1_4' title="bbox 201 668 1387 760; baseline 0.003 -24"><span class='ocrx_word' id='word_1_20' title='bbox 201 673 354 756; x_wconf 80' lang='lat' dir='ltr'>lenistae,</span> <span class='ocrx_word' id='word_1_21' title='bbox 390 675 443 760; x_wconf 89' lang='lat' dir='ltr'>qui</span> <span class='ocrx_word' id='word_1_22' title='bbox 476 673 600 737; x_wconf 91' lang='lat' dir='ltr'>itineris</span> <span class='ocrx_word' id='word_1_23' title='bbox 634 671 885 756; x_wconf 86' lang='lat' dir='ltr'>descriptionem</span> <span class='ocrx_word' id='word_1_24' title='bbox 918 668 980 732; x_wconf 92' lang='lat' dir='ltr'>hoc</span> <span class='ocrx_word' id='word_1_25' title='bbox 1013 668 1084 739; x_wconf 89' lang='lat' dir='ltr'>loco</span> <span class='ocrx_word' id='word_1_26' title='bbox 1117 669 1263 736; x_wconf 86' lang='lat' dir='ltr'>similiter</span> <span class='ocrx_word' id='word_1_27' title='bbox 1291 675 1387 740; x_wconf 86' lang='lat' dir='ltr'>inter·</span> 
     </span>
     <span class='ocr_line' id='line_1_5' title="bbox 201 772 1387 863; baseline 0.002 -22"><span class='ocrx_word' id='word_1_28' title='bbox 201 778 344 862; x_wconf 82' lang='lat' dir='ltr'>posuisse</span> <span class='ocrx_word' id='word_1_29' title='bbox 374 786 478 863; x_wconf 89' lang='lat' dir='ltr'>potest</span> <span class='ocrx_word' id='word_1_30' title='bbox 508 788 604 862; x_wconf 89' lang='lat' dir='ltr'>atque</span> <span class='ocrx_word' id='word_1_31' title='bbox 635 798 662 839; x_wconf 92' lang='lat' dir='ltr'>e.</span> <span class='ocrx_word' id='word_1_32' title='bbox 687 797 717 859; x_wconf 82' lang='lat' dir='ltr'>g.</span> <span class='ocrx_word' id='word_1_33' title='bbox 742 772 960 838; x_wconf 77' lang='lat' dir='ltr'>Callimachus</span> <span class='ocrx_word' id='word_1_34' title='bbox 986 773 1021 835; x_wconf 89' lang='lat' dir='ltr'>in</span> <span class='ocrx_word' id='word_1_35' title='bbox 1042 772 1153 836; x_wconf 87' lang='lat' dir='ltr'>fabula</span> <span class='ocrx_word' id='word_1_36' title='bbox 1176 772 1216 838; x_wconf 90' lang='lat' dir='ltr'>de</span> <span class='ocrx_word' id='word_1_37' title='bbox 1239 776 1387 844; x_wconf 89' lang='lat' dir='ltr'>Daedalo</span> 
     </span>
     <span class='ocr_line' id='line_1_6' title="bbox 202 876 1388 967; baseline 0.003 -25"><span class='ocrx_word' id='word_1_38' title='bbox 202 879 327 964; x_wconf 87' lang='lat' dir='ltr'>prolata</span> <span class='ocrx_word' id='word_1_39' title='bbox 358 879 413 966; x_wconf 85' lang='lat' dir='ltr'>(cf.</span> <span class='ocrx_word' id='word_1_40' title='bbox 437 880 514 964; x_wconf 84' lang='lat' dir='ltr'>fgm.</span> <span class='ocrx_word' id='word_1_41' title='bbox 538 885 558 948; x_wconf 83' lang='lat'>5</span> <span class='ocrx_word' id='word_1_42' title='bbox 582 877 696 966; x_wconf 83' lang='lat' dir='ltr'>Schn.)</span> <span class='ocrx_word' id='word_1_43' title='bbox 725 877 779 942; x_wconf 91' lang='lat' dir='ltr'>vel</span> <span class='ocrx_word' id='word_1_44' title='bbox 800 877 934 941; x_wconf 86' lang='lat' dir='ltr'>fortasse</span> <span class='ocrx_word' id='word_1_45' title='bbox 958 876 1055 939; x_wconf 89' lang='lat' dir='ltr'>etiam</span> <span class='ocrx_word' id='word_1_46' title='bbox 1077 877 1111 939; x_wconf 91' lang='lat' dir='ltr'>in</span> <span class='ocrx_word' id='word_1_47' title='bbox 1124 876 1240 962; x_wconf 81' lang='lat' dir='ltr'>elegia</span> <span class='ocrx_word' id='word_1_48' title='bbox 1262 879 1302 944; x_wconf 95' lang='lat' dir='ltr'>de</span> <span class='ocrx_word' id='word_1_49' title='bbox 1326 881 1388 967; x_wconf 79' lang='lat' dir='ltr'>Cy-</span> 
     </span>
     <span class='ocr_line' id='line_1_7' title="bbox 203 981 923 1069; baseline 0.001 -24"><span class='ocrx_word' id='word_1_50' title='bbox 203 983 300 1068; x_wconf 88' lang='lat' dir='ltr'>dippa</span> <span class='ocrx_word' id='word_1_51' title='bbox 324 984 506 1069; x_wconf 88' lang='lat' dir='ltr'>conscripta</span> <span class='ocrx_word' id='word_1_52' title='bbox 528 981 584 1069; x_wconf 80' lang='lat' dir='ltr'>(cf.</span> <span class='ocrx_word' id='word_1_53' title='bbox 607 981 711 1047; x_wconf 90' lang='lat' dir='ltr'>Dilth.</span> <span class='ocrx_word' id='word_1_54' title='bbox 734 1004 765 1068; x_wconf 90' lang='lat' dir='ltr'>p.</span> <span class='ocrx_word' id='word_1_55' title='bbox 789 983 855 1068; x_wconf 83' lang='grc'>48).</span> <span class='ocrx_word' id='word_1_56' title='bbox 921 1059 923 1064; x_wconf 23' lang='grc' dir='ltr'>Ι</span> 
     </span>
    </p>

    <p class='ocr_par' dir='ltr' id='par_1_3' title="bbox 204 1084 1387 1274">
     <span class='ocr_line' id='line_1_8' title="bbox 290 1084 1387 1172; baseline 0.002 -22"><span class='ocrx_word' id='word_1_57' title='bbox 290 1087 362 1166; x_wconf 76' lang='lat' dir='ltr'>Quo</span> <span class='ocrx_word' id='word_1_58' title='bbox 385 1087 486 1150; x_wconf 87' lang='lat' dir='ltr'>Paris</span> <span class='ocrx_word' id='word_1_59' title='bbox 503 1108 604 1150; x_wconf 88' lang='lat' dir='ltr'>naves</span> <span class='ocrx_word' id='word_1_60' title='bbox 631 1084 806 1172; x_wconf 84' lang='lat' dir='ltr'>appulerit,</span> <span class='ocrx_word' id='word_1_61' title='bbox 837 1084 946 1149; x_wconf 89' lang='lat' dir='ltr'>nescio</span> <span class='ocrx_word' id='word_1_62' title='bbox 969 1105 1011 1146; x_wconf 90' lang='lat' dir='ltr'>an</span> <span class='ocrx_word' id='word_1_63' title='bbox 1033 1084 1101 1169; x_wconf 88' lang='lat' dir='ltr'>ipse</span> <span class='ocrx_word' id='word_1_64' title='bbox 1125 1084 1210 1169; x_wconf 89' lang='lat' dir='ltr'>apud</span> <span class='ocrx_word' id='word_1_65' title='bbox 1234 1085 1387 1152; x_wconf 92' lang='lat' dir='ltr'>Ovidium</span> 
     </span>
     <span class='ocr_line' id='line_1_9' title="bbox 204 1189 531 1274; baseline 0 -22"><span class='ocrx_word' id='word_1_66' title='bbox 204 1189 328 1253; x_wconf 83' lang='lat' dir='ltr'>indicet</span> <span class='ocrx_word' id='word_1_67' title='bbox 350 1213 381 1253; x_wconf 91' lang='lat' dir='ltr'>v.</span> <span class='ocrx_word' id='word_1_68' title='bbox 404 1194 446 1258; x_wconf 85' lang='grc'>29</span> <span class='ocrx_word' id='word_1_69' title='bbox 468 1212 531 1274; x_wconf 89' lang='lat' dir='ltr'>sq.:</span> 
     </span>
    </p>
   </div>
   <div class='ocr_carea' id='block_1_3' title="bbox 291 1307 1318 1497">
    <p class='ocr_par' dir='ltr' id='par_1_4' title="bbox 291 1307 1318 1497">
     <span class='ocr_line' id='line_1_10' title="bbox 291 1307 1318 1395; baseline 0.002 -22"><span class='ocrx_word' id='word_1_70' title='bbox 291 1315 375 1373; x_wconf 87' lang='lat' dir='ltr'>‘nam</span> <span class='ocrx_word' id='word_1_71' title='bbox 396 1331 503 1395; x_wconf 88' lang='lat' dir='ltr'>neque</span> <span class='ocrx_word' id='word_1_72' title='bbox 527 1310 625 1374; x_wconf 87' lang='lat' dir='ltr'>tristis</span> <span class='ocrx_word' id='word_1_73' title='bbox 647 1310 751 1373; x_wconf 89' lang='lat' dir='ltr'>hiems</span> <span class='ocrx_word' id='word_1_74' title='bbox 773 1330 879 1394; x_wconf 89' lang='lat' dir='ltr'>neque</span> <span class='ocrx_word' id='word_1_75' title='bbox 902 1331 959 1372; x_wconf 90' lang='lat' dir='ltr'>nos</span> <span class='ocrx_word' id='word_1_76' title='bbox 982 1307 1046 1371; x_wconf 90' lang='lat' dir='ltr'>huc</span> <span class='ocrx_word' id='word_1_77' title='bbox 1070 1309 1193 1394; x_wconf 88' lang='lat' dir='ltr'>appulit</span> <span class='ocrx_word' id='word_1_78' title='bbox 1217 1332 1318 1375; x_wconf 90' lang='lat' dir='ltr'>error:</span> 
     </span>
     <span class='ocr_line' id='line_1_11' title="bbox 411 1411 1157 1497; baseline -0.001 -22"><span class='ocrx_word' id='word_1_79' title='bbox 411 1413 615 1478; x_wconf 83' lang='lat' dir='ltr'>Taenaris</span> <span class='ocrx_word' id='word_1_80' title='bbox 639 1423 687 1476; x_wconf 88' lang='lat' dir='ltr'>est</span> <span class='ocrx_word' id='word_1_81' title='bbox 710 1411 803 1476; x_wconf 85' lang='lat' dir='ltr'>classi</span> <span class='ocrx_word' id='word_1_82' title='bbox 826 1423 913 1476; x_wconf 88' lang='lat' dir='ltr'>terra</span> <span class='ocrx_word' id='word_1_83' title='bbox 934 1412 1036 1497; x_wconf 88' lang='lat' dir='ltr'>petita</span> <span class='ocrx_word' id='word_1_84' title='bbox 1058 1411 1157 1494; x_wconf 86' lang='lat' dir='ltr'>mihi&#39;,</span> 
     </span>
    </p>
   </div>
   <div class='ocr_carea' id='block_1_4' title="bbox 204 1549 1392 2051">
    <p class='ocr_par' dir='ltr' id='par_1_5' title="bbox 204 1549 1392 2051">
     <span class='ocr_line' id='line_1_12' title="bbox 205 1549 1391 1637; baseline 0.003 -22"><span class='ocrx_word' id='word_1_85' title='bbox 205 1549 277 1615; x_wconf 88' lang='lat' dir='ltr'>coll.</span> <span class='ocrx_word' id='word_1_86' title='bbox 302 1550 410 1614; x_wconf 84' lang='lat' dir='ltr'>verbis</span> <span class='ocrx_word' id='word_1_87' title='bbox 425 1550 574 1614; x_wconf 83' lang='lat' dir='ltr'>Helenae</span> <span class='ocrx_word' id='word_1_88' title='bbox 598 1573 648 1637; x_wconf 89' lang='lat' dir='ltr'>ep.</span> <span class='ocrx_word' id='word_1_89' title='bbox 669 1550 763 1614; x_wconf 84' lang='lat' dir='ltr'>XVII</span> <span class='ocrx_word' id='word_1_90' title='bbox 779 1555 814 1617; x_wconf 67' lang='grc' dir='ltr'>ὃς</span> <span class='ocrx_word' id='word_1_91' title='bbox 839 1549 981 1633; x_wconf 81' lang='lat' dir='ltr'>‘excepit</span> <span class='ocrx_word' id='word_1_92' title='bbox 1001 1558 1096 1633; x_wconf 90' lang='lat' dir='ltr'>portu</span> <span class='ocrx_word' id='word_1_93' title='bbox 1112 1549 1312 1616; x_wconf 85' lang='lat' dir='ltr'>Taenaris</span> <span class='ocrx_word' id='word_1_94' title='bbox 1336 1577 1391 1618; x_wconf 88' lang='lat' dir='ltr'>ora</span> 
     </span>
     <span class='ocr_line' id='line_1_13' title="bbox 204 1653 1391 1738; baseline 0.003 -20"><span class='ocrx_word' id='word_1_95' title='bbox 204 1653 279 1718; x_wconf 89' lang='lat' dir='ltr'>suo&#39;.</span> <span class='ocrx_word' id='word_1_96' title='bbox 324 1653 454 1720; x_wconf 84' lang='lat' dir='ltr'>Etenim</span> <span class='ocrx_word' id='word_1_97' title='bbox 470 1654 687 1718; x_wconf 85' lang='lat' dir='ltr'>Taenaridem</span> <span class='ocrx_word' id='word_1_98' title='bbox 710 1664 839 1734; x_wconf 82' lang='lat' dir='ltr'>terram,</span> <span class='ocrx_word' id='word_1_99' title='bbox 864 1653 1009 1736; x_wconf 86' lang='lat' dir='ltr'>quamvis</span> <span class='ocrx_word' id='word_1_100' title='bbox 1032 1675 1129 1736; x_wconf 90' lang='lat' dir='ltr'>saepe</span> <span class='ocrx_word' id='word_1_101' title='bbox 1152 1677 1209 1738; x_wconf 90' lang='lat' dir='ltr'>pro</span> <span class='ocrx_word' id='word_1_102' title='bbox 1225 1655 1391 1722; x_wconf 89' lang='lat' dir='ltr'>Lacedae-</span> 
     </span>
     <span class='ocr_line' id='line_1_14' title="bbox 204 1755 1391 1843; baseline 0.005 -23"><span class='ocrx_word' id='word_1_103' title='bbox 204 1780 298 1822; x_wconf 87' lang='lat' dir='ltr'>mone</span> <span class='ocrx_word' id='word_1_104' title='bbox 328 1757 480 1821; x_wconf 88' lang='lat' dir='ltr'>universa</span> <span class='ocrx_word' id='word_1_105' title='bbox 509 1767 695 1843; x_wconf 83' lang='lat' dir='ltr'>usurpetur,</span> <span class='ocrx_word' id='word_1_106' title='bbox 726 1756 779 1821; x_wconf 92' lang='lat' dir='ltr'>hic</span> <span class='ocrx_word' id='word_1_107' title='bbox 809 1766 919 1822; x_wconf 88' lang='lat' dir='ltr'>tamen</span> <span class='ocrx_word' id='word_1_108' title='bbox 946 1755 1075 1839; x_wconf 88' lang='lat' dir='ltr'>proprie</span> <span class='ocrx_word' id='word_1_109' title='bbox 1105 1757 1272 1840; x_wconf 82' lang='lat' dir='ltr'>regionem</span> <span class='ocrx_word' id='word_1_110' title='bbox 1303 1761 1391 1826; x_wconf 89' lang='lat' dir='ltr'>circa</span> 
     </span>
     <span class='ocr_line' id='line_1_15' title="bbox 205 1857 1392 1946; baseline 0.006 -24"><span class='ocrx_word' id='word_1_111' title='bbox 205 1860 389 1925; x_wconf 84' lang='lat' dir='ltr'>Taenarum</span> <span class='ocrx_word' id='word_1_112' title='bbox 410 1863 667 1946; x_wconf 89' lang='lat' dir='ltr'>promunturium</span> <span class='ocrx_word' id='word_1_113' title='bbox 691 1861 793 1941; x_wconf 83' lang='lat' dir='ltr'>sitam,</span> <span class='ocrx_word' id='word_1_114' title='bbox 818 1879 901 1942; x_wconf 88' lang='lat' dir='ltr'>quae</span> <span class='ocrx_word' id='word_1_115' title='bbox 925 1867 958 1921; x_wconf 92' lang='lat' dir='ltr'>et</span> <span class='ocrx_word' id='word_1_116' title='bbox 980 1857 1048 1942; x_wconf 89' lang='lat' dir='ltr'>ipsa</span> <span class='ocrx_word' id='word_1_117' title='bbox 1071 1858 1183 1924; x_wconf 88' lang='lat' dir='ltr'>latiore</span> <span class='ocrx_word' id='word_1_118' title='bbox 1200 1884 1295 1926; x_wconf 91' lang='lat' dir='ltr'>sensu</span> <span class='ocrx_word' id='word_1_119' title='bbox 1311 1863 1392 1930; x_wconf 87' lang='lat' dir='ltr'>Tae-</span> 
     </span>
     <span class='ocr_line' id='line_1_16' title="bbox 204 1961 1391 2051; baseline 0.007 -25"><span class='ocrx_word' id='word_1_120' title='bbox 204 1967 317 2027; x_wconf 87' lang='lat' dir='ltr'>narum</span> <span class='ocrx_word' id='word_1_121' title='bbox 351 1964 530 2028; x_wconf 80' lang='lat' dir='ltr'>vocabatur</span> <span class='ocrx_word' id='word_1_122' title='bbox 543 1965 585 2051; x_wconf 84' lang='lat'>¹),</span> <span class='ocrx_word' id='word_1_123' title='bbox 619 1963 756 2048; x_wconf 83' lang='lat' dir='ltr'>intelligi</span> <span class='ocrx_word' id='word_1_124' title='bbox 786 1961 934 2026; x_wconf 89' lang='lat' dir='ltr'>malimus</span> <span class='ocrx_word' id='word_1_125' title='bbox 963 1962 1190 2048; x_wconf 66' lang='lat' dir='ltr'>respicientes„</span> <span class='ocrx_word' id='word_1_126' title='bbox 1226 1967 1280 2051; x_wconf 90' lang='lat' dir='ltr'>qui</span> <span class='ocrx_word' id='word_1_127' title='bbox 1309 1991 1391 2034; x_wconf 91' lang='lat' dir='ltr'>unus</span> 
     </span>
    </p>
   </div>
   <div class='ocr_carea' id='block_1_5' title="bbox 57 2063 1391 2162">
    <p class='ocr_par' dir='ltr' id='par_1_6' title="bbox 57 2063 1391 2162">
     <span class='ocr_line' id='line_1_17' title="bbox 57 2063 1391 2162; baseline 0.01 -34"><span class='ocrx_word' id='word_1_128' title='bbox 57 2133 61 2142; x_wconf 64' lang='grc'><strong>,</strong></span> <span class='ocrx_word' id='word_1_129' title='bbox 146 2091 150 2097; x_wconf 93' lang='grc'><em>·</em></span> <span class='ocrx_word' id='word_1_130' title='bbox 206 2067 346 2132; x_wconf 84' lang='lat' dir='ltr'>eundem</span> <span class='ocrx_word' id='word_1_131' title='bbox 359 2067 468 2140; x_wconf 50' lang='lat' dir='ltr'>¹locum</span> <span class='ocrx_word' id='word_1_132' title='bbox 484 2067 654 2152; x_wconf 79' lang='lat' dir='ltr'>significat,</span> <span class='ocrx_word' id='word_1_133' title='bbox 671 2063 920 2152; x_wconf 85' lang='lat' dir='ltr'>Lycophrouem</span> <span class='ocrx_word' id='word_1_134' title='bbox 937 2064 982 2150; x_wconf 85' lang='lat' dir='ltr'>(v.</span> <span class='ocrx_word' id='word_1_135' title='bbox 1000 2066 1070 2152; x_wconf 83' lang='lat'>90):</span> <span class='ocrx_word' id='word_1_136' title='bbox 1095 2069 1151 2135; x_wconf 77' lang='grc' dir='ltr'>καὶ</span> <span class='ocrx_word' id='word_1_137' title='bbox 1167 2067 1205 2156; x_wconf 73' lang='grc' dir='ltr'>δή</span> <span class='ocrx_word' id='word_1_138' title='bbox 1223 2095 1256 2137; x_wconf 82' lang='grc' dir='ltr'>σε</span> <span class='ocrx_word' id='word_1_139' title='bbox 1273 2072 1391 2162; x_wconf 66' lang='grc' dir='ltr'>ταύτὴν</span> 
     </span>
    </p>
   </div>
   <div class='ocr_carea' id='block_1_6' title="bbox 205 2168 1393 2773">
    <p class='ocr_par' dir='ltr' id='par_1_7' title="bbox 205 2168 1392 2360">
     <span class='ocr_line' id='line_1_18' title="bbox 208 2168 1392 2260; baseline -0.001 -20"><span class='ocrx_word' id='word_1_140' title='bbox 208 2168 397 2260; x_wconf 53' lang='grc' dir='ltr'>Ἀχερουσία</span> <span class='ocrx_word' id='word_1_141' title='bbox 426 2175 533 2259; x_wconf 74' lang='grc' dir='ltr'>τρίβος</span> <span class='ocrx_word' id='word_1_142' title='bbox 559 2170 562 2257; x_wconf 75' lang='lat' dir='ltr'>l</span> <span class='ocrx_word' id='word_1_143' title='bbox 590 2169 772 2254; x_wconf 73' lang='grc' dir='ltr'>κκταβάτις</span> <span class='ocrx_word' id='word_1_144' title='bbox 794 2168 950 2256; x_wconf 55' lang='lat' dir='ltr'>marsuppas</span> <span class='ocrx_word' id='word_1_145' title='bbox 976 2222 981 2234; x_wconf 93' lang='lat'>.</span> <span class='ocrx_word' id='word_1_146' title='bbox 1007 2223 1013 2235; x_wconf 89' lang='lat'><strong>.</strong></span> <span class='ocrx_word' id='word_1_147' title='bbox 1039 2223 1044 2234; x_wconf 95' lang='lat'>.</span> <span class='ocrx_word' id='word_1_148' title='bbox 1071 2168 1249 2250; x_wconf 66' lang='lat' dir='ltr'>{coaluerat</span> <span class='ocrx_word' id='word_1_149' title='bbox 1296 2173 1392 2251; x_wconf 77' lang='lat' dir='ltr'>Quod</span> 
     </span>
     <span class='ocr_line' id='line_1_19' title="bbox 205 2270 1042 2360; baseline -0.005 -23"><span class='ocrx_word' id='word_1_150' title='bbox 205 2283 335 2360; x_wconf 89' lang='lat' dir='ltr'>poetam</span> <span class='ocrx_word' id='word_1_151' title='bbox 359 2272 486 2359; x_wconf 79' lang='lat' dir='ltr'>Cypriis</span> <span class='ocrx_word' id='word_1_152' title='bbox 511 2273 632 2337; x_wconf 89' lang='lat' dir='ltr'>debere</span> <span class='ocrx_word' id='word_1_153' title='bbox 656 2272 807 2337; x_wconf 85' lang='lat' dir='ltr'>Wentzel</span> <span class='ocrx_word' id='word_1_154' title='bbox 830 2270 1005 2336; x_wconf 90' lang='lat' dir='ltr'>contendit.</span> <span class='ocrx_word' id='word_1_155' title='bbox 1016 2273 1042 2358; x_wconf 71' lang='grc'>2)</span> 
     </span>
    </p>

    <p class='ocr_par' dir='ltr' id='par_1_8' title="bbox 209 2375 1393 2773">
     <span class='ocr_line' id='line_1_20' title="bbox 293 2375 1392 2464; baseline 0.005 -24"><span class='ocrx_word' id='word_1_156' title='bbox 293 2376 446 2440; x_wconf 87' lang='lat' dir='ltr'>Paridem</span> <span class='ocrx_word' id='word_1_157' title='bbox 476 2399 495 2438; x_wconf 90' lang='lat' dir='ltr'>a</span> <span class='ocrx_word' id='word_1_158' title='bbox 517 2376 684 2441; x_wconf 89' lang='lat' dir='ltr'>Dioscuris</span> <span class='ocrx_word' id='word_1_159' title='bbox 707 2375 911 2461; x_wconf 87' lang='lat' dir='ltr'>hospitaliter</span> <span class='ocrx_word' id='word_1_160' title='bbox 932 2384 1107 2460; x_wconf 86' lang='lat' dir='ltr'>exceptum</span> <span class='ocrx_word' id='word_1_161' title='bbox 1129 2415 1172 2424; x_wconf 85' lang='lat'>—</span> <span class='ocrx_word' id='word_1_162' title='bbox 1194 2377 1227 2440; x_wconf 94' lang='lat' dir='ltr'>id</span> <span class='ocrx_word' id='word_1_163' title='bbox 1251 2381 1336 2464; x_wconf 90' lang='lat' dir='ltr'>quod</span> <span class='ocrx_word' id='word_1_164' title='bbox 1358 2382 1392 2445; x_wconf 93' lang='lat' dir='ltr'>in</span> 
     </span>
     <span class='ocr_line' id='line_1_21' title="bbox 209 2479 1393 2566; baseline 0.003 -22"><span class='ocrx_word' id='word_1_165' title='bbox 209 2481 328 2566; x_wconf 76' lang='lat' dir='ltr'>Cyprio</span> <span class='ocrx_word' id='word_1_166' title='bbox 358 2480 500 2543; x_wconf 88' lang='lat' dir='ltr'>carmine</span> <span class='ocrx_word' id='word_1_167' title='bbox 528 2479 682 2543; x_wconf 87' lang='lat' dir='ltr'>traditum</span> <span class='ocrx_word' id='word_1_168' title='bbox 703 2479 764 2542; x_wconf 84' lang='lat' dir='ltr'>fuit</span> <span class='ocrx_word' id='word_1_169' title='bbox 787 2479 971 2563; x_wconf 88' lang='lat' dir='ltr'>-pariter</span> <span class='ocrx_word' id='word_1_170' title='bbox 993 2490 1202 2564; x_wconf 88' lang='lat' dir='ltr'>praetereunt</span> <span class='ocrx_word' id='word_1_171' title='bbox 1224 2481 1393 2548; x_wconf 80' lang='lat' dir='ltr'>Colluthus</span> 
     </span>
     <span class='ocr_line' id='line_1_22' title="bbox 210 2580 1393 2668; baseline 0.003 -21"><span class='ocrx_word' id='word_1_172' title='bbox 210 2597 243 2647; x_wconf 90' lang='lat' dir='ltr'>et</span> <span class='ocrx_word' id='word_1_173' title='bbox 266 2582 420 2663; x_wconf 51' lang='lat' dir='ltr'>Ovidius</span> <span class='ocrx_word' id='word_1_174' title='bbox 433 2629 437 2638; x_wconf 82' lang='lat'>-</span> <span class='ocrx_word' id='word_1_175' title='bbox 450 2593 488 2646; x_wconf 93' lang='lat' dir='ltr'>ut.</span> <span class='ocrx_word' id='word_1_176' title='bbox 508 2592 674 2647; x_wconf 88' lang='lat' dir='ltr'>auctorem</span> <span class='ocrx_word' id='word_1_177' title='bbox 698 2603 825 2668; x_wconf 90' lang='lat' dir='ltr'>quoque</span> <span class='ocrx_word' id='word_1_178' title='bbox 849 2603 960 2645; x_wconf 90' lang='lat' dir='ltr'>eorum</span> <span class='ocrx_word' id='word_1_179' title='bbox 982 2580 1017 2644; x_wconf 92' lang='lat' dir='ltr'>id</span> <span class='ocrx_word' id='word_1_180' title='bbox 1038 2583 1177 2646; x_wconf 86' lang='lat' dir='ltr'>tacuisse</span> <span class='ocrx_word' id='word_1_181' title='bbox 1201 2584 1322 2649; x_wconf 90' lang='lat' dir='ltr'>oriatur</span> <span class='ocrx_word' id='word_1_182' title='bbox 1344 2610 1393 2650; x_wconf 90' lang='lat' dir='ltr'>su-</span> 
     </span>
     <span class='ocr_line' id='line_1_23' title="bbox 209 2684 1393 2773; baseline 0.002 -22"><span class='ocrx_word' id='word_1_183' title='bbox 209 2687 319 2772; x_wconf 91' lang='lat' dir='ltr'>spicio.</span> <span class='ocrx_word' id='word_1_184' title='bbox 349 2686 507 2771; x_wconf 87' lang='lat' dir='ltr'>Properat</span> <span class='ocrx_word' id='word_1_185' title='bbox 518 2696 631 2770; x_wconf 85' lang='lat' dir='ltr'>autem</span> <span class='ocrx_word' id='word_1_186' title='bbox 646 2685 736 2749; x_wconf 89' lang='lat' dir='ltr'>Paris</span> <span class='ocrx_word' id='word_1_187' title='bbox 752 2707 860 2750; x_wconf 88' lang='lat' dir='ltr'>amoro</span> <span class='ocrx_word' id='word_1_188' title='bbox 876 2684 1030 2769; x_wconf 88' lang='lat' dir='ltr'>impulsus</span> <span class='ocrx_word' id='word_1_189' title='bbox 1046 2685 1220 2750; x_wconf 64' lang='lat' dir='ltr'>sine‘mcra</span> <span class='ocrx_word' id='word_1_190' title='bbox 1231 2687 1393 2773; x_wconf 80' lang='lat' dir='ltr'>Spartam,</span> 
     </span>
    </p>
   </div>
   <div class='ocr_carea' id='block_1_7' title="bbox 211 2893 1394 3308">
    <p class='ocr_par' dir='ltr' id='par_1_9' title="bbox 211 2893 1394 3220">
     <span class='ocr_line' id='line_1_24' title="bbox 211 2893 1394 2965; baseline 0.004 -18"><span class='ocrx_word' id='word_1_191' title='bbox 211 2895 333 2964; x_wconf 80' lang='lat' dir='ltr'>paludes,</span> <span class='ocrx_word' id='word_1_192' title='bbox 362 2894 457 2961; x_wconf 87' lang='lat' dir='ltr'>quihus</span> <span class='ocrx_word' id='word_1_193' title='bbox 482 2894 554 2947; x_wconf 91' lang='lat' dir='ltr'>humi</span> <span class='ocrx_word' id='word_1_194' title='bbox 572 2893 696 2946; x_wconf 83' lang='lat' dir='ltr'>fertilitas</span> <span class='ocrx_word' id='word_1_195' title='bbox 715 2901 841 2961; x_wconf 82' lang='lat' dir='ltr'>augetur,</span> <span class='ocrx_word' id='word_1_196' title='bbox 866 2893 936 2947; x_wconf 89' lang='lat' dir='ltr'>effici</span> <span class='ocrx_word' id='word_1_197' title='bbox 954 2894 1061 2946; x_wconf 81' lang='lat' dir='ltr'>Curtius</span> <span class='ocrx_word' id='word_1_198' title='bbox 1080 2893 1156 2946; x_wconf 88' lang='lat' dir='ltr'>dccet</span> <span class='ocrx_word' id='word_1_199' title='bbox 1174 2895 1347 2965; x_wconf 84' lang='lat' dir='ltr'>(‘Peloponu.&#39;</span> <span class='ocrx_word' id='word_1_200' title='bbox 1366 2897 1394 2952; x_wconf 91' lang='lat' dir='ltr'>II</span> 
     </span>
     <span class='ocr_line' id='line_1_25' title="bbox 212 2979 1392 3050; baseline 0.003 -16"><span class='ocrx_word' id='word_1_201' title='bbox 212 2999 236 3050; x_wconf 89' lang='lat' dir='ltr'>p.</span> <span class='ocrx_word' id='word_1_202' title='bbox 255 2983 356 3049; x_wconf 64' lang='lat' dir='ltr'>Qlsssq.</span> <span class='ocrx_word' id='word_1_203' title='bbox 375 2980 427 3033; x_wconf 92' lang='grc'>288</span> <span class='ocrx_word' id='word_1_204' title='bbox 439 2981 496 3048; x_wconf 70' lang='lat' dir='ltr'>su).</span> <span class='ocrx_word' id='word_1_205' title='bbox 515 3009 548 3017; x_wconf 90' lang='lat'><strong>—</strong></span> <span class='ocrx_word' id='word_1_206' title='bbox 567 2980 691 3033; x_wconf 85' lang='lat' dir='ltr'>Ceterum</span> <span class='ocrx_word' id='word_1_207' title='bbox 710 2986 763 3032; x_wconf 88' lang='lat' dir='ltr'>tam</span> <span class='ocrx_word' id='word_1_208' title='bbox 783 2980 927 3033; x_wconf 85' lang='lat' dir='ltr'>Schneider</span> <span class='ocrx_word' id='word_1_209' title='bbox 945 2995 1024 3048; x_wconf 86' lang='lat' dir='ltr'>quam</span> <span class='ocrx_word' id='word_1_210' title='bbox 1043 2979 1137 3033; x_wconf 87' lang='lat' dir='ltr'>Abelio</span> <span class='ocrx_word' id='word_1_211' title='bbox 1155 2980 1267 3036; x_wconf 87' lang='lat' dir='ltr'>fortasse</span> <span class='ocrx_word' id='word_1_212' title='bbox 1285 2999 1316 3036; x_wconf 93' lang='lat' dir='ltr'>eo</span> <span class='ocrx_word' id='word_1_213' title='bbox 1335 3001 1392 3037; x_wconf 86' lang='lat' dir='ltr'>ver-</span> 
     </span>
     <span class='ocr_line' id='line_1_26' title="bbox 212 3064 1393 3134; baseline 0.001 -12"><span class='ocrx_word' id='word_1_214' title='bbox 212 3086 286 3122; x_wconf 90' lang='lat' dir='ltr'>suum</span> <span class='ocrx_word' id='word_1_215' title='bbox 304 3068 395 3122; x_wconf 88' lang='lat' dir='ltr'>ordine</span> <span class='ocrx_word' id='word_1_216' title='bbox 408 3065 511 3131; x_wconf 87' lang='lat' dir='ltr'>satisfit,</span> <span class='ocrx_word' id='word_1_217' title='bbox 531 3066 575 3134; x_wconf 90' lang='lat' dir='ltr'>qui</span> <span class='ocrx_word' id='word_1_218' title='bbox 588 3064 653 3118; x_wconf 88' lang='lat' dir='ltr'>mihi</span> <span class='ocrx_word' id='word_1_219' title='bbox 666 3067 763 3134; x_wconf 91' lang='lat' dir='ltr'>optime</span> <span class='ocrx_word' id='word_1_220' title='bbox 776 3066 900 3119; x_wconf 89' lang='lat' dir='ltr'>constitui</span> <span class='ocrx_word' id='word_1_221' title='bbox 914 3065 1030 3119; x_wconf 85' lang='lat' dir='ltr'>videtur:</span> <span class='ocrx_word' id='word_1_222' title='bbox 1049 3084 1072 3118; x_wconf 88' lang='lat' dir='ltr'>v.</span> <span class='ocrx_word' id='word_1_223' title='bbox 1086 3067 1230 3120; x_wconf 84' lang='grc'>219-225.</span> <span class='ocrx_word' id='word_1_224' title='bbox 1249 3069 1393 3124; x_wconf 71' lang='lat' dir='ltr'>eal-235.</span> 
     </span>
     <span class='ocr_line' id='line_1_27' title="bbox 213 3152 620 3220; baseline -0.01 -12"><span class='ocrx_word' id='word_1_225' title='bbox 213 3155 356 3208; x_wconf 67' lang='lat' dir='ltr'>aec—230.</span> <span class='ocrx_word' id='word_1_226' title='bbox 374 3154 426 3207; x_wconf 87' lang='grc'>236</span> <span class='ocrx_word' id='word_1_227' title='bbox 444 3168 500 3220; x_wconf 90' lang='lat' dir='ltr'>sqq.</span> <span class='ocrx_word' id='word_1_228' title='bbox 519 3152 620 3218; x_wconf 85' lang='lat' dir='ltr'>(Abel):</span> 
     </span>
    </p>

    <p class='ocr_par' dir='ltr' id='par_1_10' title="bbox 365 3236 1212 3308">
     <span class='ocr_line' id='line_1_28' title="bbox 365 3236 1212 3308; baseline 0 -16"><span class='ocrx_word' id='word_1_229' title='bbox 365 3239 416 3292; x_wconf 87' lang='grc'>219</span> <span class='ocrx_word' id='word_1_230' title='bbox 434 3238 471 3308; x_wconf 80' lang='grc' dir='ltr'>τῷ</span> <span class='ocrx_word' id='word_1_231' title='bbox 492 3236 522 3290; x_wconf 73' lang='lat' dir='ltr'>dl</span> <span class='ocrx_word' id='word_1_232' title='bbox 541 3237 716 3306; x_wconf 73' lang='grc' dir='ltr'><em>βαθυκήροιο</em></span> <span class='ocrx_word' id='word_1_233' title='bbox 734 3241 782 3289; x_wconf 76' lang='lat' dir='ltr'>acl</span> <span class='ocrx_word' id='word_1_234' title='bbox 814 3236 1148 3306; x_wconf 82' lang='grc' dir='ltr'><strong><em>........Μυκήνη.</em></strong></span> <span class='ocrx_word' id='word_1_235' title='bbox 1196 3241 1212 3292; x_wconf 86' lang='grc'>2</span> 
     </span>
    </p>
   </div>
   <div class='ocr_carea' id='block_1_8' title="bbox 366 3241 1229 3391">
    <p class='ocr_par' dir='ltr' id='par_1_11' title="bbox 366 3241 1229 3391">
     <span class='ocr_line' id='line_1_29' title="bbox 1214 3241 1228 3291; baseline 0 0"><span class='ocrx_word' id='word_1_236' title='bbox 1214 3241 1228 3291; x_wconf 88' lang='grc'><strong>1</strong></span> 
     </span>
     <span class='ocr_line' id='line_1_30' title="bbox 366 3320 1229 3391; baseline -0.001 -13"><span class='ocrx_word' id='word_1_237' title='bbox 366 3326 418 3378; x_wconf 87' lang='grc'>222</span> <span class='ocrx_word' id='word_1_238' title='bbox 437 3320 514 3375; x_wconf 75' lang='grc' dir='ltr'><em>οὔπω</em></span> <span class='ocrx_word' id='word_1_239' title='bbox 531 3326 626 3376; x_wconf 67' lang='lat' dir='ltr'>asota</span> <span class='ocrx_word' id='word_1_240' title='bbox 643 3327 691 3376; x_wconf 73' lang='grc' dir='ltr'>κτλ</span> <span class='ocrx_word' id='word_1_241' title='bbox 713 3361 925 3375; x_wconf 88' lang='grc'>.........</span> <span class='ocrx_word' id='word_1_242' title='bbox 946 3323 1010 3390; x_wconf 76' lang='grc' dir='ltr'><em>ἔργα</em></span> <span class='ocrx_word' id='word_1_243' title='bbox 1028 3323 1150 3391; x_wconf 73' lang='grc' dir='ltr'>μεμήλει.</span> <span class='ocrx_word' id='word_1_244' title='bbox 1196 3325 1229 3377; x_wconf 74' lang='grc'>25</span> 
     </span>
    </p>
   </div>
   <div class='ocr_carea' id='block_1_9' title="bbox 152 3577 1398 4425">
    <p class='ocr_par' dir='ltr' id='par_1_12' title="bbox 366 3577 638 3648">
     <span class='ocr_line' id='line_1_31' title="bbox 366 3577 638 3648; baseline -0.007 -15"><span class='ocrx_word' id='word_1_245' title='bbox 366 3582 416 3635; x_wconf 86' lang='grc'>236</span> <span class='ocrx_word' id='word_1_246' title='bbox 436 3577 497 3648; x_wconf 77' lang='grc' dir='ltr'><em>ἄρτι</em></span> <span class='ocrx_word' id='word_1_247' title='bbox 515 3579 566 3647; x_wconf 71' lang='grc' dir='ltr'>μὲν</span> <span class='ocrx_word' id='word_1_248' title='bbox 583 3584 638 3632; x_wconf 80' lang='grc' dir='ltr'><em>κτλ.</em></span> 
     </span>
    </p>

    <p class='ocr_par' dir='ltr' id='par_1_13' title="bbox 216 3667 1397 3996">
     <span class='ocr_line' id='line_1_32' title="bbox 301 3667 1397 3737; baseline 0.004 -16"><span class='ocrx_word' id='word_1_249' title='bbox 301 3667 321 3737; x_wconf 86' lang='lat'>¹)</span> <span class='ocrx_word' id='word_1_250' title='bbox 341 3669 426 3722; x_wconf 91' lang='lat' dir='ltr'>Huius</span> <span class='ocrx_word' id='word_1_251' title='bbox 443 3667 617 3736; x_wconf 87' lang='lat' dir='ltr'>paeninsulae</span> <span class='ocrx_word' id='word_1_252' title='bbox 635 3667 662 3719; x_wconf 91' lang='lat' dir='ltr'>in</span> <span class='ocrx_word' id='word_1_253' title='bbox 681 3684 728 3721; x_wconf 91' lang='lat' dir='ltr'>ora</span> <span class='ocrx_word' id='word_1_254' title='bbox 746 3667 780 3720; x_wconf 88' lang='lat' dir='ltr'>ad</span> <span class='ocrx_word' id='word_1_255' title='bbox 798 3667 927 3721; x_wconf 88' lang='lat' dir='ltr'>orientem</span> <span class='ocrx_word' id='word_1_256' title='bbox 940 3673 1077 3736; x_wconf 88' lang='lat' dir='ltr'>spectante</span> <span class='ocrx_word' id='word_1_257' title='bbox 1090 3675 1182 3736; x_wconf 90' lang='lat' dir='ltr'>portus</span> <span class='ocrx_word' id='word_1_258' title='bbox 1194 3670 1276 3724; x_wconf 88' lang='lat' dir='ltr'>fuisse</span> <span class='ocrx_word' id='word_1_259' title='bbox 1288 3671 1397 3725; x_wconf 89' lang='lat' dir='ltr'>idoneos</span> 
     </span>
     <span class='ocr_line' id='line_1_33' title="bbox 216 3752 1396 3826; baseline 0.003 -17"><span class='ocrx_word' id='word_1_260' title='bbox 216 3772 264 3809; x_wconf 91' lang='lat' dir='ltr'>nec</span> <span class='ocrx_word' id='word_1_261' title='bbox 281 3770 334 3808; x_wconf 92' lang='lat' dir='ltr'>non</span> <span class='ocrx_word' id='word_1_262' title='bbox 351 3761 445 3823; x_wconf 88' lang='lat' dir='ltr'>postea</span> <span class='ocrx_word' id='word_1_263' title='bbox 462 3756 642 3822; x_wconf 86' lang='lat' dir='ltr'>frequentatos</span> <span class='ocrx_word' id='word_1_264' title='bbox 661 3753 756 3808; x_wconf 89' lang='lat' dir='ltr'>docent</span> <span class='ocrx_word' id='word_1_265' title='bbox 770 3752 877 3806; x_wconf 83' lang='lat' dir='ltr'>Curtius</span> <span class='ocrx_word' id='word_1_266' title='bbox 889 3754 905 3807; x_wconf 92' lang='lat' dir='ltr'>l.</span> <span class='ocrx_word' id='word_1_267' title='bbox 917 3753 934 3806; x_wconf 89' lang='lat' dir='ltr'>l.</span> <span class='ocrx_word' id='word_1_268' title='bbox 947 3770 973 3820; x_wconf 89' lang='lat' dir='ltr'>p.</span> <span class='ocrx_word' id='word_1_269' title='bbox 986 3754 1038 3807; x_wconf 91' lang='grc'>278</span> <span class='ocrx_word' id='word_1_270' title='bbox 1055 3762 1082 3808; x_wconf 89' lang='lat' dir='ltr'>et</span> <span class='ocrx_word' id='word_1_271' title='bbox 1094 3754 1208 3808; x_wconf 89' lang='lat' dir='ltr'>Bursian</span> <span class='ocrx_word' id='word_1_272' title='bbox 1221 3755 1396 3826; x_wconf 82' lang='lat' dir='ltr'>‘Geographie</span> 
     </span>
     <span class='ocr_line' id='line_1_34' title="bbox 217 3837 1395 3910; baseline 0.002 -15"><span class='ocrx_word' id='word_1_273' title='bbox 217 3857 266 3895; x_wconf 80' lang='lat' dir='ltr'>von</span> <span class='ocrx_word' id='word_1_274' title='bbox 285 3839 459 3895; x_wconf 89' lang='lat' dir='ltr'>Griechenld.&#39;</span> <span class='ocrx_word' id='word_1_275' title='bbox 478 3840 508 3894; x_wconf 89' lang='lat' dir='ltr'>H</span> <span class='ocrx_word' id='word_1_276' title='bbox 525 3857 551 3908; x_wconf 91' lang='lat' dir='ltr'>p.</span> <span class='ocrx_word' id='word_1_277' title='bbox 566 3840 623 3896; x_wconf 80' lang='lat'>150.</span> <span class='ocrx_word' id='word_1_278' title='bbox 653 3840 721 3894; x_wconf 88' lang='lat' dir='ltr'>Vide</span> <span class='ocrx_word' id='word_1_279' title='bbox 741 3840 821 3893; x_wconf 89' lang='lat' dir='ltr'>etiam</span> <span class='ocrx_word' id='word_1_280' title='bbox 835 3837 993 3905; x_wconf 80' lang='lat' dir='ltr'>Oolluthum,</span> <span class='ocrx_word' id='word_1_281' title='bbox 1013 3841 1058 3908; x_wconf 92' lang='lat' dir='ltr'>qui</span> <span class='ocrx_word' id='word_1_282' title='bbox 1077 3857 1157 3904; x_wconf 86' lang='lat' dir='ltr'>oram,</span> <span class='ocrx_word' id='word_1_283' title='bbox 1178 3841 1210 3893; x_wconf 90' lang='lat' dir='ltr'>ad</span> <span class='ocrx_word' id='word_1_284' title='bbox 1229 3858 1307 3910; x_wconf 87' lang='lat' dir='ltr'>quam</span> <span class='ocrx_word' id='word_1_285' title='bbox 1320 3844 1395 3898; x_wconf 87' lang='lat' dir='ltr'>Paris</span> 
     </span>
     <span class='ocr_line' id='line_1_35' title="bbox 216 3924 809 3996; baseline -0.008 -14"><span class='ocrx_word' id='word_1_286' title='bbox 216 3928 327 3982; x_wconf 83' lang='lat' dir='ltr'>classem</span> <span class='ocrx_word' id='word_1_287' title='bbox 346 3927 456 3996; x_wconf 87' lang='lat' dir='ltr'>appulit,</span> <span class='ocrx_word' id='word_1_288' title='bbox 476 3924 610 3980; x_wconf 71' lang='grc' dir='ltr'><strong><em>εὕκολπον</em></strong></span> <span class='ocrx_word' id='word_1_289' title='bbox 627 3928 692 3981; x_wconf 88' lang='lat' dir='ltr'>dicit</span> <span class='ocrx_word' id='word_1_290' title='bbox 709 3944 732 3978; x_wconf 94' lang='lat' dir='ltr'>v.</span> <span class='ocrx_word' id='word_1_291' title='bbox 750 3925 809 3978; x_wconf 84' lang='grc'>224.</span> 
     </span>
    </p>

    <p class='ocr_par' dir='ltr' id='par_1_14' title="bbox 152 4011 1398 4425">
     <span class='ocr_line' id='line_1_36' title="bbox 302 4011 1397 4084; baseline 0.002 -18"><span class='ocrx_word' id='word_1_292' title='bbox 302 4012 323 4084; x_wconf 79' lang='grc'>2)</span> <span class='ocrx_word' id='word_1_293' title='bbox 342 4014 402 4066; x_wconf 87' lang='lat' dir='ltr'>‘Mit</span> <span class='ocrx_word' id='word_1_294' title='bbox 414 4012 486 4067; x_wconf 79' lang='lat' dir='ltr'>Hilfe</span> <span class='ocrx_word' id='word_1_295' title='bbox 505 4014 591 4067; x_wconf 87' lang='lat' dir='ltr'>dieses</span> <span class='ocrx_word' id='word_1_296' title='bbox 605 4013 779 4082; x_wconf 82' lang='lat' dir='ltr'>Ergebnisses</span> <span class='ocrx_word' id='word_1_297' title='bbox 798 4011 865 4064; x_wconf 75' lang='lat' dir='ltr'>lasst</span> <span class='ocrx_word' id='word_1_298' title='bbox 883 4013 939 4065; x_wconf 89' lang='lat' dir='ltr'>sich</span> <span class='ocrx_word' id='word_1_299' title='bbox 951 4011 1019 4080; x_wconf 86' lang='lat' dir='ltr'><strong>Lyk.</strong></span> <span class='ocrx_word' id='word_1_300' title='bbox 1038 4011 1141 4066; x_wconf 88' lang='grc'>86-98</span> <span class='ocrx_word' id='word_1_301' title='bbox 1160 4012 1208 4065; x_wconf 87' lang='lat' dir='ltr'>auf</span> <span class='ocrx_word' id='word_1_302' title='bbox 1224 4013 1266 4066; x_wconf 86' lang='lat' dir='ltr'>die</span> <span class='ocrx_word' id='word_1_303' title='bbox 1279 4013 1397 4083; x_wconf 85' lang='lat' dir='ltr'>Kyprien</span> 
     </span>
     <span class='ocr_line' id='line_1_37' title="bbox 216 4097 1397 4168; baseline 0.001 -14"><span class='ocrx_word' id='word_1_304' title='bbox 216 4099 426 4164; x_wconf 79' lang='lat' dir='ltr'>zuruckfuhren,</span> <span class='ocrx_word' id='word_1_305' title='bbox 458 4099 581 4152; x_wconf 87' lang='lat' dir='ltr'>wodurch</span> <span class='ocrx_word' id='word_1_306' title='bbox 612 4099 684 4152; x_wconf 88' lang='lat' dir='ltr'>daun</span> <span class='ocrx_word' id='word_1_307' title='bbox 711 4097 851 4151; x_wconf 85' lang='lat' dir='ltr'>wiederum</span> <span class='ocrx_word' id='word_1_308' title='bbox 880 4099 1013 4152; x_wconf 87' lang='lat' dir='ltr'>Tainaron</span> <span class='ocrx_word' id='word_1_309' title='bbox 1041 4099 1079 4151; x_wconf 89' lang='lat' dir='ltr'>als</span> <span class='ocrx_word' id='word_1_310' title='bbox 1106 4097 1323 4168; x_wconf 86' lang='lat' dir='ltr'>Landungsplatz</span> <span class='ocrx_word' id='word_1_311' title='bbox 1351 4101 1397 4155; x_wconf 89' lang='lat' dir='ltr'>des</span> 
     </span>
     <span class='ocr_line' id='line_1_38' title="bbox 152 4183 1398 4254; baseline 0 -14"><span class='ocrx_word' id='word_1_312' title='bbox 152 4193 154 4200; x_wconf 83' lang='grc'><em>’</em></span> <span class='ocrx_word' id='word_1_313' title='bbox 217 4185 385 4240; x_wconf 80' lang='lat' dir='ltr'>Alexandros</span> <span class='ocrx_word' id='word_1_314' title='bbox 409 4183 453 4238; x_wconf 77' lang='lat' dir='ltr'>fur</span> <span class='ocrx_word' id='word_1_315' title='bbox 476 4185 524 4238; x_wconf 88' lang='lat' dir='ltr'>das</span> <span class='ocrx_word' id='word_1_316' title='bbox 542 4186 615 4252; x_wconf 86' lang='lat' dir='ltr'>Epos</span> <span class='ocrx_word' id='word_1_317' title='bbox 639 4184 771 4252; x_wconf 86' lang='lat' dir='ltr'>gesichert</span> <span class='ocrx_word' id='word_1_318' title='bbox 795 4184 861 4238; x_wconf 87' lang='lat' dir='ltr'>wird</span> <span class='ocrx_word' id='word_1_319' title='bbox 879 4184 955 4254; x_wconf 85' lang='lat' dir='ltr'>(Lyk.</span> <span class='ocrx_word' id='word_1_320' title='bbox 975 4185 1027 4251; x_wconf 78' lang='grc'>90).</span> <span class='ocrx_word' id='word_1_321' title='bbox 1063 4185 1117 4236; x_wconf 88' lang='lat' dir='ltr'>Las</span> <span class='ocrx_word' id='word_1_322' title='bbox 1136 4183 1213 4252; x_wconf 79' lang='lat' dir='ltr'>(Lyn.</span> <span class='ocrx_word' id='word_1_323' title='bbox 1233 4185 1277 4252; x_wconf 83' lang='lat'>95)</span> <span class='ocrx_word' id='word_1_324' title='bbox 1295 4187 1331 4239; x_wconf 88' lang='lat' dir='ltr'>ist</span> <span class='ocrx_word' id='word_1_325' title='bbox 1355 4187 1398 4241; x_wconf 87' lang='lat' dir='ltr'>die</span> 
     </span>
     <span class='ocr_line' id='line_1_39' title="bbox 218 4269 1398 4341; baseline 0 -15"><span class='ocrx_word' id='word_1_326' title='bbox 218 4272 295 4326; x_wconf 84' lang='lat' dir='ltr'>Stadt</span> <span class='ocrx_word' id='word_1_327' title='bbox 313 4272 361 4324; x_wconf 92' lang='lat' dir='ltr'>der</span> <span class='ocrx_word' id='word_1_328' title='bbox 377 4269 529 4324; x_wconf 87' lang='lat' dir='ltr'>Dioskuren</span> <span class='ocrx_word' id='word_1_329' title='bbox 549 4271 636 4338; x_wconf 83' lang='lat' dir='ltr'>(Pars.</span> <span class='ocrx_word' id='word_1_330' title='bbox 655 4269 698 4322; x_wconf 87' lang='lat' dir='ltr'>III</span> <span class='ocrx_word' id='word_1_331' title='bbox 716 4270 761 4335; x_wconf 88' lang='grc'>24,</span> <span class='ocrx_word' id='word_1_332' title='bbox 781 4269 803 4322; x_wconf 85' lang='grc'>6.</span> <span class='ocrx_word' id='word_1_333' title='bbox 824 4271 870 4338; x_wconf 71' lang='grc'>7.),</span> <span class='ocrx_word' id='word_1_334' title='bbox 897 4287 946 4324; x_wconf 86' lang='lat' dir='ltr'>von</span> <span class='ocrx_word' id='word_1_335' title='bbox 965 4270 1051 4322; x_wconf 86' lang='lat' dir='ltr'>denen</span> <span class='ocrx_word' id='word_1_336' title='bbox 1070 4270 1146 4322; x_wconf 87' lang='lat' dir='ltr'>Paris</span> <span class='ocrx_word' id='word_1_337' title='bbox 1165 4271 1192 4323; x_wconf 92' lang='lat' dir='ltr'>in</span> <span class='ocrx_word' id='word_1_338' title='bbox 1213 4269 1262 4324; x_wconf 84' lang='lat' dir='ltr'>den</span> <span class='ocrx_word' id='word_1_339' title='bbox 1280 4273 1398 4341; x_wconf 78' lang='lat' dir='ltr'>Kyprien</span> 
     </span>
     <span class='ocr_line' id='line_1_40' title="bbox 218 4355 817 4425; baseline -0.003 -15"><span class='ocrx_word' id='word_1_340' title='bbox 218 4359 339 4412; x_wconf 85' lang='lat' dir='ltr'>bewirtct</span> <span class='ocrx_word' id='word_1_341' title='bbox 357 4355 422 4409; x_wconf 91' lang='lat' dir='ltr'>wird</span> <span class='ocrx_word' id='word_1_342' title='bbox 441 4355 564 4425; x_wconf 89' lang='lat' dir='ltr'>(Procl.)’.</span> <span class='ocrx_word' id='word_1_343' title='bbox 599 4373 626 4424; x_wconf 90' lang='lat' dir='ltr'>p.</span> <span class='ocrx_word' id='word_1_344' title='bbox 645 4357 678 4409; x_wconf 81' lang='lat' dir='ltr'>m</span> <span class='ocrx_word' id='word_1_345' title='bbox 697 4356 757 4409; x_wconf 86' lang='lat' dir='ltr'>adn.</span> <span class='ocrx_word' id='word_1_346' title='bbox 776 4355 817 4410; x_wconf 85' lang='lat'>33.</span> 
     </span>
    </p>
   </div>
   <div class='ocr_carea' id='block_1_10' title="bbox 0 0 1644 4860">
    <p class='ocr_par' dir='ltr' id='par_1_15' title="bbox 0 0 1644 4860">
     <span class='ocr_line' id='line_1_41' title="bbox 0 0 1644 4860; baseline 0 0"><span class='ocrx_word' id='word_1_347' title='bbox 0 0 1644 4860; x_wconf 95' lang='lat' dir='ltr'> </span> 
     </span>
    </p>
   </div>
  </div>
 </body>
</html>
