3214 4854
660 343 874 405 ..21-

308 506 486 574 ‘ultimus
511 533 528 574 e
552 511 645 584 sociis
663 509 826 597 ¹sacraml)
851 509 1041 575 conscendis
1063 514 1096 576 in
1120 514 1227 598 Argo!

114 659 117 664 ’
177 644 237 708 Cui
260 647 308 710 rei
330 646 426 732 plane
450 649 646 712 contrarium
668 646 857 734 Apollonius
879 649 978 713 tradit
1000 674 1031 714 v.
1055 657 1133 720 910:

415 779 510 861 ἔβαιν’
535 780 585 847 ἐπὶ
605 785 664 867 νήα
688 783 960 866 παροίτατος·
986 777 1028 859 ὣς
1050 783 1084 848 δὲ
1107 783 1163 850 καί
1186 781 1274 854 ἄλλοι

363 889 467 964 βαῖνον
491 880 640 970 ἀριστῆες
662 880 717 970 (cf.
740 879 820 946 Stat.
843 881 949 947 Theb.
973 883 1004 946 V
1025 883 1112 970 480).

174 1015 277 1078 Recte
305 1027 414 1080 autem
443 1017 484 1081 de
511 1019 574 1084 hoc
602 1019 788 1082 discrimine
814 1018 972 1083 iudicavit
993 1009 1209 1106 Burmannus,
1240 1027 1294 1111 qui
1317 1028 1360 1092 ad

175 1117 245 1182 Ov.'
262 1118 282 1182 l.
306 1119 326 1183 l.
357 1117 440 1184 haec
470 1122 617 1186 adnotat:
648 1120 704 1184 ‘illi
728 1121 785 1208 (se.
811 1123 908 1210 epici)
932 1125 1034 1208 magis
1057 1124 1185 1190 solliciti
1208 1129 1360 1195 videntur

174 1221 282 1304 fuisse,
306 1233 342 1287 ut
356 1223 484 1289 bonum
506 1226 599 1289 nobis
622 1225 740 1288 ducem
754 1225 904 1290 lasonem
923 1249 1020 1312 quam
1036 1227 1167 1293 doctum
1183 1242 1360 1296 amatorem

175 1325 388 1409 exhiberent',
420 1327 573 1414 idemque
601 1329 670 1392 lere
700 1326 873 1393 scholiasta
904 1329 1000 1394 docet
1029 1331 1071 1394 ad
1099 1333 1162 1418 Ap.
1189 1334 1251 1398 Rh.
1278 1335 1299 1400 l.
1323 1335 1358 1400 l.:

132 1496 138 1504 ,
175 1428 227 1497 διὰ
255 1429 367 1499 τούτου
400 1435 460 1499 τῶν
491 1427 599 1519 ἡρώων
628 1428 928 1520 ὑποραπολογεῐται,
958 1431 1008 1502 ‘dri
1036 1437 1091 1504 καὶ
1114 1441 1173 1524 τῆς
1197 1437 1273 1526 πρὸς
1295 1438 1357 1518 τὰς

174 1531 362 1619 Λημνιάδας
389 1533 515 1602 συνόδου
543 1537 781 1624 προαρξαμένον
805 1540 862 1604 τοῦ
888 1535 1026 1626 ἀρχηγοῦ
1050 1541 1106 1606 καί
1129 1531 1214 1609 οὗτοι
1240 1547 1357 1610 συνετί-

173 1640 286 1718 ἳῖεντο,
318 1638 374 1704 καὶ
401 1643 450 1706 νῦν
482 1639 516 1705 δὲ
547 1637 639 1706 πάλιν
673 1643 791 1706 ἐκείνου
816 1645 871 1708 τοῦ
895 1644 972 1715 ,πλοῦ
997 1639 1171 1730 ἀρχομένον
1196 1647 1251 1712 καὶ
1274 1637 1359 1713 οὗτοι

175 1743 307 1808 εἵποντο.
353 1739 486 1826 Ubique
508 1741 608 1824 igitur
626 1741 713 1806 Naso
735 1742 770 1805 id
792 1751 927 1827 spectat,
951 1754 987 1806 ut
1001 1744 1123 1808 [aeonis
1147 1768 1225 1830 erga
1240 1747 1359 1833 Hypsi·
1463 1817 1465 1822 ,

172 1840 284 1927 pylam
306 1865 451 1907 amorem
474 1865 570 1929 quam
592 1843 876 1928 flagrantissimum
899 1846 1010 1930 lingat.

259 1945 386 2010 Nullius
407 1945 476 2011 fere
499 1949 653 2011 momenti
676 1958 734 2029 est,
758 1949 845 2035 quod
859 1950 949 2034 Argo
972 1960 1069 2014 vento
1089 1952 1273 2038 propulsam
1289 1976 1358 2018 esse

174 2047 253 2112 dicit
274 2071 306 2113 v.
331 2055 371 2119 66
394 2072 457 2136 sq.:

412 2161 477 2226 ‘illa
499 2161 596 2243 volat,
619 2172 735 2227 ventus
758 2186 904 2230 concava
925 2165 999 2255 vela
1021 2176 1124 2250 tenet3

360 2265 492 2330 caerula
513 2265 684 2351 propulsae
706 2265 898 2332 subducitur
920 2268 1009 2332 unda
1032 2270 1180 2334 carinae'.

173 2403 379 2490 Quamquam
393 2402 584 2488 Apollonius
607 2403 660 2468 hie
683 2405 773 2488 Argo
796 2408 892 2470 remis
916 2407 960 2493 (v.
982 2412 1043 2475 911
1061 2407 1154 2493 sqq),
1177 2408 1246 2472 aliis
1268 2408 1356 2490 locis,

172 2507 263 2571 velut
286 2530 304 2571 e
327 2509 399 2572 sinu
412 2508 578 2591 Pagasaeo
602 2517 777 2572 exeuntem
795 2509 838 2595 (v.
855 2515 918 2578 563
934 2511 1028 2596 sqq),
1051 2519 1148 2575 vento
1159 2515 1270 2575 actam
1288 2533 1357 2575 esse

170 2610 279 2675 tradit.
331 2610 398 2676 Sed
432 2621 541 2675 tamen
570 2610 695 2693 dubito,
731 2635 772 2676 an
802 2609 938 2677 Ovidius
968 2614 1066 2678 etiam
1094 2614 1127 2674 in
1157 2635 1192 2677 re
1221 2614 1358 2678 Lemnia

170 2713 333 2778 narranda
354 2724 442 2779 certo
458 2714 597 2800 quodam
615 2715 746 2779 consilio
763 2715 824 2779 hoc
840 2717 1040 2800 potissimum
1054 2715 1205 2801 proferat.
1239 2717 1358 2802 Hypsi-

170 2818 247 2905 pyle
277 2819 364 2882 enim
385 2818 494 2902 Argus
522 2817 597 2882 vela
625 2829 797 2905 propterea
826 2819 957 2883 videtur
985 2841 1179 2901 memorare,
1209 2820 1296 2906 quod
1319 2843 1358 2884 ea

171 2943 268 3008 quam
296 2921 481 3005 longissime
511 2921 611 2985 oculis
640 2925 790 3009 prosequi
812 2923 926 3009 potuit.
970 2923 1055 2986 Nam
1078 2922 1262 2987 ascendisse
1286 2946 1356 2988 sese

170 3023 205 3088 in
227 3035 350 3089 turrem
371 3047 471 3111 prope
493 3024 588 3090 litora
610 3025 704 3089 sitam
726 3027 796 3112 ipsa
818 3027 930 3090 scribit
951 3050 982 3090 v.
1007 3031 1048 3094 69
1068 3049 1150 3112 sqq:

302 3163 345 3226 ‘in
366 3162 449 3228 latus
472 3185 566 3227 omne
589 3173 703 3249 patens
724 3165 819 3228 turris
843 3165 1062 3251 circumspicit
1083 3164 1202 3229 undas:

341 3267 407 3331 huc
429 3265 524 3349 feror,
550 3277 582 3332 et
604 3267 744 3331 lacrimis
768 3290 866 3354 osque
890 3269 1040 3355 sinusque
1063 3268 1205 3332 madent.

299 3393 358 3456 per
381 3368 530 3435 lacrimas
553 3380 664 3456 specto
688 3371 890 3458 cupidaeque
914 3371 1057 3436 faventia
1080 3373 1181 3435 menti

343 3473 469 3558 longius
492 3483 619 3539 assueto
642 3474 764 3538 lumina
786 3485 895 3540 nostra
918 3474 1049 3539 vident’.

172 3613 247 3693 Qua
277 3612 317 3676 de
346 3636 382 3677 re
406 3615 466 3676 etsi
487 3612 678 3698 Apollonius
699 3611 824 3676 nullum
847 3613 925 3677 facit
948 3613 1099 3695 verbum,
1127 3614 1214 3678 Naso
1236 3622 1356 3694 tamen,

171 3717 224 3780 cui
255 3715 464 3802 epistularum
487 3738 618 3780 suarum
640 3724 828 3804 apparatus,
858 3726 894 3781 ut
915 3718 961 3780 ita
984 3717 1104 3798 dicam,
1134 3727 1183 3780 sat
1205 3739 1358 3800 magnam

170 3820 212 3883 ad
250 3829 397 3884 ornatum
434 3819 584 3906 praebuit
617 3820 802 3901 materiam,
840 3819 921 3884 illud
955 3820 1102 3884 similiter
1135 3818 1226 3882 addit
1260 3829 1356 3905 atque

168 3922 349 3987 Ariadnam
371 3923 492 3988 Thesei
520 3946 639 3988 navem
666 3946 683 3986 e
711 3925 828 3987 montis
855 3925 977 3988 vertice
1002 3925 1212 4011 aspicientem
1235 3922 1300 4008 (ep.
1324 3922 1357 3986 X

169 4031 211 4096 25
234 4026 317 4112 sqq.)
348 4026 401 4090 vel
425 4027 593 4093 Oenonam
624 4049 666 4090 ex
689 4027 768 4091 Idae
798 4027 1020 4112 promunturio
1041 4026 1193 4092 Paridem
1215 4026 1356 4113 proficis-

171 4140 309 4212 centem,
334 4131 417 4194 sicut
439 4140 550 4216 postea
572 4139 792 4195 revertentem
815 4130 879 4217 (ep.
897 4130 928 4194 V
943 4137 981 4200 61
1000 4131 1081 4218 sqq.)
1097 4130 1249 4218 prosequi
1263 4130 1357 4214 fingit

256 4321 275 4390 1)
294 4321 350 4376 Iam
374 4323 445 4390 apud
464 4321 622 4390 Aeschylum
640 4323 738 4390 legitur
753 4319 862 4390 Ἀργοῦς
881 4320 957 4389 ἱερὸν
975 4321 1056 4386 ξύλον
1075 4321 1147 4388 (lgm.
1166 4324 1201 4376 20
1213 4321 1268 4388 Nl),
1288 4323 1355 4390 qued

168 4410 301 4479 respicere
321 4409 445 4462 videntur
463 4408 602 4478 Lycophro
624 4408 710 4475 (Alex.
731 4407 808 4473 1370)
827 4411 853 4462 et
872 4408 993 4476 Hyginus
1011 4406 1085 4476 (astr.
1098 4408 1125 4461 ΙΙ
1143 4407 1196 4475 37).
