3214 4854
684 341 895 406 „43-

193 511 263 576 Has
292 511 469 575 sententias
498 521 595 596 poeta
625 509 713 574 haud
743 509 841 574 dubie
872 518 1036 574 mutuatus
1066 519 1116 574 est
1145 532 1187 574 ex
1216 511 1378 598 Apollonii

193 637 224 678 v.
243 618 323 682 1321
341 637 405 700 sq:
429 620 536 710 γέντο
560 618 644 682 boda
669 619 842 701 ἔμπλειον
867 609 1025 681 ὀδόντων
1045 611 1050 700 Ι
1071 612 1223 702 πήληκα
1242 599 1383 706 βριαρήν

192 717 351 804 Vipereos
380 729 490 782 autem
513 718 611 782 fuisse
635 716 750 781 dentes
772 714 962 802 Apollonius
983 716 1088 803 ipsum
1112 716 1250 781 Aeetam
1274 717 1380 783 Iasoni

194 821 358 885 dicentem
380 821 458 885 facit
476 845 506 885 V.
523 825 586 891 498
602 823 649 904 (ἐξ
665 816 756 908 ictor
772 818 887 906 γενύων
905 817 1027 907 σπόρος,
1053 820 1093 884 cf.
1110 844 1141 885 v.
1159 825 1252 891 1028.
1270 826 1379 908 1055);

192 924 386 1011 omninoque
416 925 457 988 de
488 947 600 988 eorum
629 923 753 1008 origine
780 921 857 987 vide
885 946 916 986 v.
941 927 1025 994 1177.
1047 945 1114 1010 sqq.
1122 974 1131 1005 ,
1162 925 1252 989 cuius
1282 927 1378 990 etiam

193 1027 330 1092 Ovidius
343 1051 381 1092 eo
394 1028 525 1094 videtur
536 1027 696 1092 rationem
709 1026 860 1091 habuisse
873 1026 960 1112 quod
972 1024 1087 1092 dentes
1099 1040 1195 1092 vocat
1202 1039 1379 1096 venenatos

192 1133 257 1218 (ep.
274 1130 338 1196 XII
353 1134 409 1218 95)
431 1131 486 1196 vel
508 1130 616 1196 valido
639 1152 768 1195 veneno
784 1130 980 1216 praetinctos
997 1136 1085 1214 (met.
1101 1155 1133 1196 v.
1152 1138 1241 1215 123):
1265 1133 1380 1217 anguis

193 1235 278 1298 enim
293 1234 412 1317 Martii,
436 1257 532 1320 quem
548 1233 690 1300 Cadmus
713 1233 788 1298 olim
808 1232 966 1298 occidisse
982 1233 1095 1316 fertur,
1120 1241 1246 1322 ‘corpus
1263 1236 1380 1300 tumuit

192 1359 287 1401 omne
308 1338 445 1403 veneno'
469 1343 558 1422 (met.
581 1337 631 1402 ΠΙ
653 1340 719 1424 33).

277 1440 344 1506 Sed
372 1434 531 1528 quomodo
562 1465 604 1507 ex
635 1443 680 1506 eis
710 1440 826 1506 heroes
857 1441 918 1505 orti
940 1440 1017 1522 sint,
1049 1440 1188 1506 Ovidius
1209 1442 1277 1528 ipse
1301 1454 1378 1508 met.

193 1569 224 1609 v.
250 1550 426 1616 123-130
455 1546 564 1610 multis
591 1545 701 1610 verbis
731 1545 878 1632 exponit,
907 1543 1013 1608 minus
1042 1545 1169 1630 copiose
1192 1545 1377 1633 loquentem

191 1648 317 1714 inducit
331 1648 492 1714 Medeam
515 1672 565 1737 ep.
591 1649 653 1714 XII
676 1656 733 1720 96:

393 1772 548 1835 ‘nascitur
571 1782 604 1836 et
626 1769 750 1855 gladios
773 1778 928 1856 scutaque
951 1767 1045 1833 miles
1068 1767 1176 1834 habet'

191 1889 287 1971 (adde
310 1891 514 1980 Hypsipylae
536 1891 639 1956 verba
662 1913 712 1978 ep.
735 1890 784 1955 VI
808 1896 878 1973 11),
909 1913 1045 1976 quorum
1067 1913 1192 1955 summa
1214 1891 1310 1956 fluxit
1333 1915 1376 1956 ex

190 1993 352 2080 Apollonii
374 2019 405 2060 v.
431 2001 514 2066 1354
536 2018 621 2082 sqq.:

345 2123 373 2186 οἳ
396 2115 422 2184 δ’
444 2113 507 2205 ἤδη
531 2115 620 2186 κατὰ
643 2119 748 2185 πᾶσαν
772 2113 1029 2204 ἀνασταχύεσκον
1054 2113 1189 2205 ἄρουραν

253 2293 256 2298 ,
346 2225 508 2310 γηγενέες·
534 2222 639 2308 φρίξεν
664 2220 698 2286 δὲ
721 2224 790 2307 πέρι
814 2227 975 2308 στιβαροῖς
999 2225 1165 2289 σακέεσσιν

343 2322 473 2413 δούρασί
494 2323 523 2392 τ’
547 2320 718 2412 ἀμφιγύοις
740 2320 911 2412 κορύῖιεσσί
933 2351 969 2392 τε
992 2328 1230 2413 λαμπομένῃσιν

343 2423 465 2516 ’Ἄρηος
487 2432 620 2515 τέμενος
643 2424 883 2515 φὲισιμβρύτοο.

276 2545 435 2610 Proximis
459 2546 596 2613 Ovidius
623 2555 693 2612 r‘em
721 2547 825 2630 magis
855 2569 950 2632 quam
974 2547 1164 2633 Apollonius
1191 2544 1376 2633 amplificat,

192 2669 265 2710 cum
289 2647 441 2715 heroibus
466 2673 483 2714 e
507 2661 595 2715 terra
615 2651 699 2715 natis
719 2650 931 2736 Iasonemque
948 2651 1109 2736 aggressis
1125 2660 1159 2714 et
1172 2649 1377 2734 Argonautas

192 2761 225 2813 et
250 2749 402 2816 Medeam
431 2754 464 2817 in
493 2776 653 2818 summum
683 2754 832 2818 timorem
860 2754 988 2819 venisse
1018 2764 1137 2818 narret.
1188 2752 1283 2832 Quod
1313 2775 1378 2818 non

190 2854 291 2918 solum
314 2855 383 2941 ipse
406 2867 481 2921 met.
497 2880 527 2921 v.
547 2864 605 2928 131
623 2880 691 2943 sqq.
707 2856 808 2921 fusius
828 2858 1041 2944 persequitur,
1065 2857 1123 2921 sed
1139 2857 1258 2944 optime
1274 2858 1376 2944 ipsam

190 2979 317 3044 quoque
340 2959 481 3045 puellam
503 2962 537 3024 in
560 2960 697 3047 epistula
720 2965 763 3044 (v.
780 2965 821 3030 47
838 2983 883 3048 sq.
900 2966 941 3031 97
958 2965 1017 3048 sq.)
1033 2961 1253 3048 proferentem
1271 2959 1375 3046 fingit,

190 3060 341 3146 quoniam
371 3063 417 3126 sie
439 3062 578 3128 Medeae
609 3086 687 3128 cura
716 3074 836 3151 quanta
864 3065 962 3130 fuerit
989 3065 1233 3129 inmemoriam
1255 3064 1377 3128 Iasonis

189 3163 308 3250 perfidi
335 3165 453 3230 iterum
481 3167 664 3254 iterumque
691 3168 870 3232 reducitur.
915 3166 1035 3233 Contra
1057 3166 1246 3254 Apollonius
1269 3167 1377 3233 statim

189 3269 348 3354 proponit,
366 3291 448 3355 quae
459 3270 640 3336 Aesonides
655 3271 841 3357 perfecerit.
867 3271 940 3352 Qua
955 3271 989 3334 in
1000 3293 1036 3335 re
1048 3293 1156 3336 rursus
1167 3271 1377 3336 inveniuntur

190 3370 416 3438 similitudines
437 3374 522 3438 inter
544 3375 613 3439 eius
634 3375 836 3462 Nasonisque
858 3375 1090 3442 narrationem:
1115 3375 1268 3440 aMedea
1290 3375 1377 3440 enim

192 3484 268 3539 ante
291 3475 395 3541 iussus
417 3477 472 3563 (cf.
495 3476 558 3564 Ap.
582 3502 612 3543 v.
639 3484 721 3549 1052
744 3485 825 3566 sqq.)

278 3595 342 3660 ‘ille
366 3619 500 3682 gravem
523 3599 648 3663 medios
671 3598 795 3664 silicem
818 3601 977 3666 iaculatus
1000 3601 1033 3664 in
1055 3600 1164 3666 hostes

276 3721 295 3762 a
317 3722 351 3763 se
374 3699 545 3786 depulsum
567 3701 707 3768 Martem
732 3705 893 3771 convertit
914 3705 948 3768 in
970 3703 1063 3792 ipsos’
1081 3709 1168 3784 (met.
1185 3728 1215 3769 v.
1231 3710 1292 3774 139
1304 3707 1373 3790 sq),

189 3819 277 3906 quod
300 3819 415 3886 eodem
437 3821 505 3886 fere
528 3824 624 3890 modo
647 3823 837 3912 Apollonius
860 3824 1016 3890 describit
1038 3849 1070 3890 v.
1096 3829 1192 3895 1365:

379 3941 493 4023 λάζετο
518 3943 544 4012 δ’
568 3951 605 4015 ἐκ
629 3950 747 4015 πεδίοιο
771 3951 872 4032 μέγαν
896 3952 1048 4035 περιηγέα
1071 3949 1184 4036 πέτρον

188 4054 222 4109 et
245 4068 276 4144 u.
302 4048 399 4115 1368:

187 4147 241 4217 τόν
271 4147 297 4237 ρ’
320 4147 381 4218 ἀνὰ
404 4163 495 4239 χεῖρα
516 4150 619 4236 λαβὼν
644 4151 732 4239 μάλα
754 4151 889 4241 τηλύῗνεν
914 4158 1033 4240 ἔμβαλε
1058 4158 1186 4241 μέσσοις
1210 4157 1214 4242 Ι
1239 4154 1342 4238 ἀΐξας.
1353 4160 1374 4235 ¹)

191 4277 395 4284 --—.-.—.—-—.

278 4323 298 4391 ¹)
318 4323 441 4378 Ceterum
454 4341 493 4390 eo,
511 4325 580 4393 quod
592 4325 702 4380 heroum
715 4327 815 4380 ‘hastas
826 4333 987 4396 praeacutae
1000 4328 1125 4396 cuspidis'
1139 4335 1267 4384 memorat
1279 4348 1302 4387 v.
1316 4329 1363 4384 131

186 4411 277 4466 nescio
296 4425 330 4464 an
349 4408 460 4463 Ovidius
479 4411 670 4478 interpretetur
688 4411 823 4480 Apollonii
843 4413 998 4467 vocabulum
1017 4411 1125 4469 ἀκωκαί
1142 4433 1165 4469 ν.
1186 4415 1260 4468 1047.
