3214 4854
733 277 946 363 ..'52..

247 467 354 530 0mnia
377 466 535 552 quomodo
558 466 644 530 facta
668 468 743 546 sint,
766 468 897 530 nuntius
921 489 994 530 cum
1017 465 1087 530 aliis
1104 445 1177 534 'tum
1200 466 1346 528 versibus
1370 465 1431 527 illis

247 568 440 634 aGicerone
463 569 618 635 exhibitis
641 569 727 655 apud
749 578 947 654 spectatores
969 570 1078 652 refert,
1103 591 1238 654 quorum
1254 567 1352 632 animi
1368 565 1430 630 hoc

246 673 341 737 modo
365 695 482 758 magna
506 673 725 738 misericordia
748 673 899 737 commoti
923 673 965 737 ad
986 673 1127 754 Aeetae,
1151 673 1206 757 qui
1228 672 1261 734 in
1283 669 1431 734 sordibus

245 775 399 862 luctuque
437 777 547 840 iacens
583 776 677 841 brevi
713 786 784 862 post
819 777 853 839 in
887 797 1038 840 scaenam
1072 775 1261 856 adducitur,
1299 784 1431 860 questus

246 879 336 965 (fgm.
360 879 446 944 XVI.
470 880 554 966 XV.)
583 879 738 965 chorique
762 879 995 945 consolationes
1018 878 1108 967 (fgm.
1132 878 1244 962 XVII)
1268 877 1430 942 audienda

246 983 408 1068 aptissime
431 992 673 1070 praeparantur.

330 1085 385 1150 Ad
407 1086 546 1163 eundem
568 1087 668 1171 igitur
689 1086 787 1150 finem
810 1095 878 1150 tota
900 1085 1019 1168 fabula,
1044 1087 1104 1150 etsi
1120 1087 1189 1150 eius
1203 1085 1338 1151 formam
1353 1109 1430 1149 non-

244 1188 339 1254 nullis
372 1190 502 1254 mutatis
536 1189 632 1254 aliam
664 1190 864 1272 effinximus,
899 1212 918 1252 a
947 1189 1039 1254 nobis
1069 1189 1258 1275 perducitur
1286 1199 1382 1274 atque
1411 1211 1430 1250 a

244 1292 444 1375 Ribbeckio,
475 1294 565 1358 cuius
593 1292 696 1358 verba
726 1291 767 1356 de
796 1293 984 1377 tragoediae
1009 1293 1101 1357 exitu
1124 1289 1212 1356 diota
1235 1292 1288 1355 hic
1312 1293 1429 1378 apponi

243 1394 354 1460 liceat:
380 1396 475 1460 ‘Kam
498 1396 583 1460 nach
606 1397 843 1462 vollbrachtem
859 1395 973 1461 Morde
998 1396 1057 1460 der
1078 1395 1312 1480 ungliickliohe
1327 1395 1431 1460 Vater

151 1519 154 1522 ·
244 1497 357 1582 hinzu,
396 1523 430 1564 so
468 1499 562 1584 fugte
593 1499 710 1565 dassen
740 1502 866 1582 reincr,
905 1498 1034 1564 einfach
1064 1499 1246 1564 riihrender
1274 1499 1429 1564 Sohmerz

244 1602 339 1666 einen
368 1602 623 1668 wohlthuenden
645 1604 777 1668 Accord
806 1626 847 1667 zu
878 1603 942 1668 den
971 1602 1097 1689 grellen
1119 1603 1341 1667 Dissonanzen
1371 1603 1430 1666 der

242 1704 577 1791 vorhergegangenen
608 1707 796 1790 Handlung.
843 1705 939 1771 Nach
969 1708 1075 1771 einem
1104 1706 1335 1788 stiirmischen,
1364 1729 1428 1770 von
1509 1766 1511 1771 ,

190 1877 192 1882 ,
243 1805 424 1874 Gewittern
468 1808 686 1876 durchtobten
730 1809 822 1894 Tage
867 1811 920 1873 ein
964 1809 1172 1874 harmonisch
1190 1825 1195 1830 “
1215 1809 1429 1892 wehmiitiges

241 1910 432 1977 Abendrot’.

328 2014 421 2094 Quae
451 2018 477 2080 si
505 2017 588 2082 forte
617 2041 681 2082 non
711 2018 779 2081 sine
802 2016 910 2103 aliqua
931 2017 1160 2103 probabilitate
1184 2015 1428 2102 disputavimus,

242 2116 336 2182 huius
359 2119 489 2184 fabulae
513 2131 739 2206 argumentum
761 2122 795 2184 in
817 2121 1004 2185 universum
1028 2121 1201 2184 aliudesse
1218 2117 1428 2205 atqueApol·

241 2218 390 2287 lonianae
413 2219 604 2288 narrationis
620 2222 708 2288 haud
723 2225 871 2309 neges1)
901 2224 1076 2288 Praeterea
1091 2234 1199 2287 autem
1215 2225 1290 2286 num
1306 2223 1429 2286 Accius

240 2323 271 2389 in
304 2349 397 2390 usum
427 2327 562 2391 verterit
584 2326 724 2412 Scythas
745 2327 915 2414 Sophoclis
944 2327 1102 2408 fabulam,
1132 2337 1243 2414 utpote
1272 2326 1361 2390 cuius
1384 2325 1427 2388 de

246 2440 435 2513 argumento
465 2431 506 2494 ob
533 2429 742 2516 reliquiarum
768 2433 899 2496 nimiam
924 2431 1102 2495 exilitatem
1126 2439 1250 2494 certum
1274 2429 1430 2493 iudicium

194 2520 195 2525 ἵ
247 2557 287 2598 ne
303 2533 461 2600 Welcker
484 2533 615 2619 quidem
637 2533 723 2599 ferre
745 2537 896 2621 potuerit,
919 2536 954 2598 in
978 2533 1075 2598 dubio
1098 2532 1346 2620 relinquendum
1370 2544 1429 2597 est.

245 2637 318 2702 Hoc
348 2647 456 2702 tamen
485 2661 673 2723 persuasum
702 2637 861 2702 habemus
886 2637 1103 2722 fragmentum
1125 2636 1206 2700 illud
1229 2660 1248 2700 a
1271 2637 1430 2702 Cicerone

245 2742 398 2806 traditum
413 2741 508 2807 Accii
530 2741 576 2804 illi
599 2741 787 2826 tragoediae
810 2764 875 2806 non
896 2743 1005 2827 inepte
1021 2741 1190 2805 vindicari.
1229 2740 1325 2820 Quod
1340 2739 1429 2804 haud

244 2847 336 2930 parvi
365 2845 495 2909 videtur
524 2868 593 2909 esse
623 2847 791 2910 momenti:
823 2845 953 2910 eosdem
983 2845 1068 2909 enim
1097 2866 1210 2908 versus
1232 2843 1325 2908 Accii
1353 2853 1430 2908 ante

246 2948 355 3012 oculos
376 2958 453 3034 puto
476 2948 574 3012 titisse
598 2948 727 3030 Ovidio,
752 2950 842 3012 cuius
865 2948 1088 3013 enarratione
1112 2947 1153 3012 de
1168 2946 1303 3033 Apsyrti
1326 2948 1430 3012 caede

245 3051 325 3116 trist.
349 3050 440 3121 1119
463 3051 587 3136 prolata
611 3052 757 3116 conferas
780 3073 899 3137 quaeso
924 3051 1010 3115 hunc
1032 3051 1139 3115 locum
1162 3052 1206 3138 (v.
1223 3055 1264 3120 25
1280 3051 1377 3136 sqq.):

375 3207 528 3291 ‘protinus
550 3207 655 3291 ignari
676 3229 738 3271 nec
762 3207 934 3292 quicquam
957 3206 1021 3271 tale
1044 3207 1187 3270 timentis

448 3309 621 3375 innocuum
644 3310 749 3394 rigido
770 3309 913 3396 perforat
936 3332 1012 3374 ense
1035 3309 1131 3395 latus3

373 3421 470 3496 atque
492 3413 538 3475 ita
562 3412 696 3496 divellit,
720 3412 910 3498 divulsaque
933 3413 1080 3478 membra
1101 3435 1169 3500 per
1191 3435 1302 3497 agros

449 3515 611 3602 dissipat
638 3518 670 3580 in
696 3516 804 3580 multis
829 3515 1026 3580 invenienda
1048 3517 1137 3598 locis,
1162 3565 1298 3581 .....

373 3627 413 3681 ut
435 3620 585 3702 genitor
608 3619 792 3705 luctuque
815 3643 911 3683 novo
934 3618 1110 3684 tardetur
1133 3630 1184 3702 et,
1208 3611 1311 3694 artus

451 3722 535 3787 dum
557 3722 655 3808 legit
678 3724 885 3804 extinctos,
908 3723 1219 3788 triste‘retardet
1240 3723 1322 3788 iter’

330 3931 351 3997 ¹)
369 3931 446 3984 Licet
464 3946 527 3998 ergo
544 3947 594 3998 pro
613 3933 666 3984 veri
684 3932 818 3985 simillimo
836 3931 971 3997 affirmari,
990 3933 1060 4001 quod
1074 3933 1129 3985 iam
1143 3931 1264 3985 Ribbeck
1278 3931 1428 3998 suspicatus

244 4026 284 4074 est
301 4035 326 4086 p.
339 4018 401 4074 535:
422 4017 501 4070 ‘Geni
519 4023 615 4070 wbsste
634 4033 703 4082 man,
722 4017 847 4070 welchem
865 4019 1019 4084 poetischen
1032 4017 1142 4072 Zwecke
1161 4017 1209 4070 das
1222 4015 1362 4070 Austreten
1380 4016 1428 4070 des

244 4108 342 4158 Aeetes
359 4103 467 4171 gedient
484 4103 539 4156 hat.
569 4103 674 4156 Weun
693 4104 792 4156 nicht
810 4107 895 4156 etwa
913 4102 967 4156 die
982 4101 1427 4170 ganzeHandlunganders

244 4188 386 4255 verlief,
406 4189 459 4242 als
477 4188 755 4256 beiApollonios
773 4188 912 4242 erzahlt
931 4189 1028 4255 vird,
1048 4206 1124 4243 verm
1142 4189 1292 4256 uberhaupt
1310 4188 1428 4241 dchod

244 4276 289 4328 des
309 4276 438 4344 Apsyrtus
463 4275 584 4336 verbam,
610 4291 639 4328 so
663 4276 737 4330 kaim
754 4277 851 4327 Aeetes
876 4293 925 4328 nur
947 4291 988 4327 am
1009 4275 1117 4329 Schluss
1135 4274 1183 4328 auf
1199 4274 1245 4326 der
1264 4271 1428 4342 Verfolgung

243 4360 415 4429 eingetroffen
433 4361 498 4426 sein,
518 4378 561 4414 um
580 4361 622 4414 die
641 4360 740 4414 Lciche
759 4377 792 4413 zu
810 4361 939 4426 behlegen
958 4361 1011 4414 und
1030 4377 1062 4413 zu
1081 4360 1232 4415 bcstatten.’
