3242 4860
720 265 932 327 ..68-

234 431 404 520 δολιόρρων
429 431 518 513 OEur.
542 429 613 516 Iph.
636 431 678 494 A.
705 435 808 511 1301),
832 428 1000 517 δολόμητις
1022 427 1175 512 (Colluth.
1192 452 1223 491 v.
1240 434 1293 510 82)
1309 467 1350 474 —
1367 449 1418 489 ca-

180 591 186 602 .
233 556 312 619 pere
328 534 407 616 vult,
423 533 514 597 velut
529 533 626 597 etiam
641 531 819 596 Anchisam
835 532 888 618 (cf.
904 531 1016 617 hymn.
1034 529 1118 596 horn.
1135 532 1168 595 in
1184 531 1266 595 Ven.
1282 535 1333 600 56.
1350 532 1416 614 65).

232 637 347 722 Itaque
369 637 492 723 pariter
515 658 534 702 a
556 634 856 722 Collutho‘quoque
879 636 988 700 ridens
1010 635 1174 699 inducitur
1195 659 1227 699 ν.
1246 639 1322 704 159:
1345 645 1418 702 τοῖα

234 742 268 808 δέ
300 739 521 828 μειδιόωσα
551 745 734 828 προςέννεπε
758 743 970 827 μηλοβοτῆρα.
1016 739 1206 804 Commouet
1228 745 1336 800 autem
1358 736 1418 800 Pa-

232 843 346 926 ridem,
369 866 411 908 ne
426 842 542 908 lunoni
558 852 613 906 aut
627 842 795 906 Minervae
812 842 1017 927 obsequatur,
1034 842 1128 906 simili
1143 843 1266 906 ratione
1283 850 1315 904 et
1330 839 1418 925 apud

235 946 389 1011 Ovidium
413 969 463 1032 ep.
488 945 565 1010 XVI
587 949 628 1015 83
651 967 712 1032 sq.:

363 1067 468 1132 ‘dulce
492 1066 603 1131 Venus
625 1066 703 1147 risit,
727 1075 854 1148 necte,
877 1066 962 1147 Pari,
986 1087 1122 1129 munera
1143 1071 1278 1147 tangant

414 1171 417 1176 ’
490 1179 627 1254 utraque
650 1169 796 1255 suspensi
816 1167 913 1254 plena
934 1169 1065 1250 timoris,
1089 1167 1152 1249 ait',

234 1316 267 1370 et
288 1306 434 1392 pluribus
456 1306 565 1371 verbis
588 1306 674 1392 apud
696 1303 881 1370 Colluthum
903 1329 934 1370 v·
960 1313 1022 1376 160
1044 1329 1126 1392 sqq.:

387 1429 457 1508 δέξο
483 1455 522 1514 με
545 1429 602 1496 καί
624 1433 767 1515 πολέμων
792 1425 953 1512 ἐπιλήθεο,
979 1433 1106 1516 δέχνυσο
1131 1423 1253 1513 μορφήν

387 1525 544 1619 ἡμετέρην
568 1531 623 1598 καί
648 1535 796 1617 σκῆπτρα
818 1531 874 1598 καί
900 1529 1014 1598 Ἀσίδα
1037 1528 1170 1599 κάλλιπε
1194 1539 1296 1614 γαῖαν.

389 1639 465 1719 έργα
488 1631 596 1719 μόξλων
620 1632 676 1700 οῦκ
700 1630 784 1700 οἶδα·
808 1637 839 1700 τί
862 1631 922 1720 γάρ
947 1638 1069 1700 σακέων
1096 1633 1285 1720 Ἀφροδίτης

234 1781 266 1834 et
288 1771 321 1834 in
343 1770 553 1855 sequentibus
574 1768 622 1833 illi
643 1769 801 1855 promittit
823 1769 910 1854 apud
930 1768 1086 1833 Ovidium
1107 1769 1191 1834 haec
1215 1774 1258 1850 (v.
1283 1771 1324 1836 85
1339 1772 1416 1851 sq.):

299 1895 374 1954 ‘nos
398 1890 585 1972 dabimus,
610 1889 709 1976 quod
731 1912 845 1971 ames,
870 1898 907 1952 et
929 1889 1114 1974 pulchrae
1137 1889 1222 1953 filia
1243 1887 1372 1952 Ledae

452 1993 512 2058 ibit
534 1995 567 2057 in
590 1993 759 2078 amplexus
780 1991 947 2079 pulchrior
969 1992 1025 2057 illa
1045 1992 1136 2074 tuos'‚
1158 2033 1202 2040 -

234 2130 275 2193 cf.
309 2131 407 2194 etiarn
441 2153 490 2216 ep.
522 2130 616 2194 XVII
646 2135 722 2198 118:
763 2130 968 2217 ‘Tyndaridis
1003 2131 1157 2212 coniunx,
1192 2131 1288 2192 tertia
1321 2128 1416 2206 dixit,

206 2283 207 2288 1
233 2233 304 2297 eris'
327 2272 378 2314 -,
402 2233 582 2318 similiaque
606 2232 692 2318 apud
716 2233 901 2298 Colluthum
923 2258 955 2297 ν.
981 2237 1043 2302 164
1065 2255 1147 2318 sqq.:

391 2353 459 2422 άντί
482 2357 537 2440 μὲν
560 2353 692 2444 ἠνορέης
716 2353 849 2442 ἐρατὴν
873 2352 1097 2443 παράκοιτιν
1122 2351 1284 2432 ὀπάσσω,

390 2455 459 2524 ἀντὶ
482 2459 515 2524 δὲ
539 2461 700 2546 κοιρανίης
724 2453 881 2546 Ἑλένης
904 2455 1080 2544 έπίβησεο
1104 2461 1282 2544 λέκτρων,

235 2616 318 2679 quae
340 2595 515 2680 respiciens
537 2594 628 2657 Paris
650 2593 798 2658 Helenae
821 2605 930 2658 narrat
951 2618 982 2658 ν.
1006 2599 1070 2663 295
1092 2616 1150 2679 sq.:

387 2713 509 2802 νύμφην
533 2713 717 2803 ἱμερόεσσαν
742 2718 811 2803 ἐμοί
834 2723 1021 2785 κατένευσεν
1046 2713 1192 2800 όπάσσαι,

387 2815 424 2905 ἣν
450 2814 584 2906 Ἑλένην
609 2823 761 2894 ἐνέπουσι,
786 2817 1017 2906 κασιγνητην
1045 2817 1278 2906 Ἀφροδίτης.

233 2955 376 3019 Uberius
398 2954 548 3040 denique,
571 2965 608 3018 ut
630 2953 720 3036 solet,
744 2956 874 3020 easdem
897 2956 1072 3019 sententias
1087 2955 1250 3018 Lucianus
1270 2966 1416 3036 exornat,

235 3061 290 3144 qui
313 3059 474 3121 Venerem
502 3081 575 3122 cum
604 3058 666 3121 alia
690 3060 730 3122 de
751 3060 878 3124 Paridis
900 3060 998 3144 ipsius
1019 3058 1261 3144 pulchritudine
1282 3068 1350 3122 turn
1375 3059 1416 3122 de

235 3162 362 3225 Helena
389 3159 471 3223 huec
494 3160 712 3245 proferentem
735 3163 813 3227 facit
836 3167 868 3245 (ἓ
893 3166 958 3244 13):
983 3168 1096 3250 ἔπρεπε
1116 3161 1181 3250 ,ἤδη
1206 3187 1253 3231 σοι
1275 3191 1415 3251 γεγαμη-

235 3271 324 3333 κέναι
348 3319 353 3330 .
379 3319 385 3331 .
412 3318 417 3330 .
440 3263 511 3332 τινὰ
543 3269 579 3332 έκ
609 3270 668 3352 της
693 3263 852 3346 Ἑλλάδος
878 3265 898 3353 ἢ
926 3265 1079 3354 Ἀργόδεν
1107 3264 1126 3352 ἢ
1152 3269 1189 3333 έκ
1212 3269 1367 3353 Κορίνδον
1392 3265 1412 3353 ἢ

235 3365 414 3448 Λάκαιναν,
449 3370 559 3456 οἵαπερ
586 3364 606 3455 ἡ
633 3366 767 3459 Ἑλένη
794 3375 876 3451 ἐστί,
908 3375 964 3436 νέα
988 3397 1023 3436 τε
1048 3369 1103 3436 καί
1126 3367 1221 3454 καλὴ
1247 3370 1310 3436 καί
1333 3368 1414 3437 κατ’

235 3469 337 3539 οῦδὲν
363 3467 528 3538 ἐλάττων
554 3474 656 3557 ε’μοῦ,
682 3473 738 3540 καί
761 3471 796 3540 τό
821 3471 859 3560 δὴ
882 3477 1038 3560 μέγιστον,
1064 3471 1208 3559 ἐρωτική.
1234 3475 1337 3561 ἐκείνη
1354 3471 1414 3560 γάρ

235 3579 262 3643 εί
290 3575 346 3642 καὶ
377 3571 466 3662 μόνον
496 3571 654 3641 λεάσαιτό
678 3599 729 3656 σε,
763 3567 795 3643 εῦ
820 3574 874 3645 οἷδ’
900 3574 977 3662 ἐγώ,
1009 3573 1115 3643 πάντα
1138 3573 1336 3643 ἀπολιποῦσα
1359 3578 1415 3644 καί

233 3681 439 3766 παρασχοῦσα
469 3674 583 3764 έαντην
614 3681 741 3746 ἔκδοτον
769 3681 884 3765 ἕψεται
912 3680 968 3748 καί
998 3675 1173 3764 σννοικησει
1202 3730 1207 3744 .
1240 3731 1246 3745 .
1270 3715 1283 3743 ε
1315 3677 1414 3768 αῦτη

232 3778 420 3868 &ensesue
451 3783 520 3868 μέν
549 3784 636 3848 ἐστι
660 3780 810 3867 ληδάς,
843 3786 1004 3870 ἐκείνης
1026 3785 1098 3868 τῆς
1121 3785 1258 3868 καλῆς.
1303 3781 1415 3845 Audin

233 3883 354 3946 solutae
378 3883 529 3946 orationis
552 3882 756 3967 scriptorem,
781 3885 837 3970 qui
857 3895 973 3971 poetae
996 3883 1188 3948 sententiam
1211 3905 1268 3947 sua
1290 3885 1414 3948 ratione

232 3985 483 4071 interpretatur?
516 3984 600 4048 Nam
623 3986 758 4050 Luciani
780 3988 883 4052 verba
905 3989 977 4056 κατ’
1002 3987 1088 4055 οὐδέν
1113 3986 1251 4056 ἐλάττων
1276 3993 1352 4076 ἐμοῦ
1376 4011 1414 4053 eo

231 4091 393 4174 respicere
408 4098 507 4174 patet,
531 4088 617 4173 quod
632 4089 762 4154 Helena
777 4091 818 4154 ob
834 4091 1068 4180 formositatem>
1079 4090 1280 4176 praeclaram
1298 4091 1415 4154 dicitur

233 4191 407 4280 κασιηνητη
427 4191 627 4280 Ἀφροδίτης,
653 4193 739 4276 quod
761 4216 879 4257 nomen
895 4195 925 4258 ei
939 4195 1042 4279 primo
1057 4217 1122 4258 non
1137 4192 1333 4276 Colluthum,
1356 4194 1414 4259 sed

233 4295 301 4357 eius
324 4303 488 4358 auctorem
512 4293 759 4359 alexandrinum
783 4295 909 4361 dedisse
932 4321 997 4361 non
1019 4297 1087 4360 sine
1104 4297 1211 4384 aliqua
1227 4321 1324 4362 causa
1341 4321 1413 4363 con-
