3242 4860
714 293 756 301 ..
802 235 929 323 722-

316 427 536 512 Relinquitur,
571 434 607 488 ut
640 426 681 490 de
715 425 820 506 fonte,
855 447 873 488 6
908 447 970 510 quo
1004 434 1117 489 auctor
1144 423 1199 489 ille
1229 423 1417 489 hellenistes

232 531 319 594 illam
349 529 391 593 de
421 529 548 593 Paridis
576 528 697 594 iudicio
726 528 869 594 fabulam
900 537 1043 592 mutuam
1076 530 1247 616 sumpsisse
1276 527 1417 607 videtur,

231 655 335 720 pauca
357 632 523 697 addamus.
561 631 787 697 Fundamenta
809 641 917 696 autem
941 651 1015 696 eum
1031 631 1159 718 Cypriis
1181 632 1303 696 debere
1327 651 1417 714 aper-

232 748 299 802 tum
323 745 380 801 est.
424 736 463 800 In
487 736 533 800 eis
557 736 641 800 enim
665 735 743 821 quid
767 757 914 822 quaeque
938 735 1073 799 dearum
1091 735 1202 800 Paridi
1224 733 1417 821 promiserit,

231 850 267 906 ut
290 863 307 904 e
323 839 437 905 Proclo
458 839 608 904 concludi
623 839 744 924 nequit,
768 839 814 902 sic
830 837 1020 924 Apollodori
1037 839 1227 925 epitomator
1242 838 1292 902 his
1307 837 1418 901 verbis

231 945 368 1022 indicat:
393 947 426 1012 ui
450 945 484 1011 δὲ
508 947 756 1029 ἐπαγγέλλονται
779 947 864 1031 δῶρα
887 941 995 1011 δώσειν
1016 942 1224 1035 Ἀλεξάνδρῳ,
1246 941 1338 1030 Ἥρα
1361 941 1417 1028 μὲν

233 1052 340 1116 πασῶν
365 1051 573 1136 προκριῗεῖσα
596 1049 757 1129 βασιλείαν
781 1043 921 1126 πάντων,
949 1044 1075 1134 Ἀῗῖηνᾶ
1100 1047 1134 1114 δὲ
1157 1051 1294 1132 πολέμου
1317 1047 1415 1132 νίκην,

236 1151 409 1240 Ἀφροδίτη
426 1152 459 1217 δὲ
476 1147 577 1236 γάμον
595 1145 739 1238 Ἑλένης.
753 1153 776 1232 1)
807 1148 914 1212 Minus
929 1147 1053 1213 fructus
1069 1149 1142 1234 capi
1156 1147 1260 1234 potuit
1275 1171 1293 1212 6
1308 1168 1417 1210 narra-

232 1255 329 1334 tione,
353 1252 482 1340 qualem
503 1249 675 1337 Euripides
697 1253 840 1334 tradidit,
865 1251 983 1337 quippe
1008 1253 1063 1336 qui
1086 1261 1119 1316 et
1140 1252 1208 1338 ipse
1225 1251 1417 1337 Cypriorum

233 1357 375 1422 maxime
402 1365 567 1422 auctorem
590 1364 719 1421 secutus
742 1357 782 1420 sit
803 1378 865 1420 nec
887 1365 953 1420 tam
977 1359 1129 1420 accurate
1153 1376 1249 1441 quam
1271 1353 1325 1417 ille
1347 1375 1418 1416 rem

234 1460 419 1525 absolverit.
457 1459 557 1524 Unius
579 1469 689 1524 tamen
710 1459 758 1522 rei
780 1460 913 1544 insignis
932 1468 1045 1546 postea
1060 1482 1079 1522 a
1093 1468 1190 1545 poeta
1206 1455 1417 1521 alexandrino

234 1573 381 1649 arreptae
412 1572 444 1628 et
474 1562 624 1626 excultae
653 1563 847 1648 principium
877 1563 1023 1648 quamvis
1050 1563 1271 1628 tenuissimum
1297 1560 1418 1624 iamin

232 1667 416 1731 narratione
446 1665 624 1752 Euripides
651 1665 753 1730 latere
783 1667 930 1733 arbitror.
975 1665 1087 1730 Paullo
1118 1666 1203 1730 enim
1230 1663 1418 1728 memoriam

235 1770 485 1856 antiquissimam
514 1767 688 1855 Euripides
716 1771 880 1852 immutat,
915 1769 1002 1855 quod
1030 1768 1183 1834 Paridem
1212 1768 1253 1832 de
1283 1766 1417 1830 dearum

233 1874 430 1939 formositate
446 1872 640 1938 iudicavisse
656 1874 759 1958 magis
772 1874 889 1938 ceteris
901 1873 1041 1937 affirmat
1053 1871 1168 1956 (Andr.
1180 1877 1254 1941 279.
1277 1869 1352 1934 Hel.
1365 1875 1417 1938 26.

234 1977 305 2063 Iph.
329 1975 370 2041 A.
396 1981 467 2046 184.
492 1982 585 2046 1309.
620 1975 854 2060 Γ1’1011(1.975);
884 1976 1038 2041 facillime
1066 1976 1167 2060 igitur
1193 1974 1320 2059 longius
1347 1981 1418 2058 pro-

234 2102 362 2164 gressus
385 2089 496 2144 auctor
517 2079 704 2144 hellenistes
726 2103 795 2145 rem
817 2081 863 2145 ita
886 2080 1042 2164 effingere
1064 2080 1178 2165 potuit,
1201 2087 1238 2143 ut
1253 2086 1419 2142 certamen

178 2171 181 2178 ⁴
234 2183 276 2247 de
304 2181 545 2268 pulchritudine
574 2184 754 2252 institutum
784 2184 941 2269 gravioris
967 2183 1122 2248 momenti
1145 2205 1240 2268 quam
1262 2181 1419 2246 iudicium

234 2285 276 2349 de
299 2285 391 2350 donis
412 2285 512 2350 latum
535 2296 717 2372 appareret.
754 2287 794 2352 Id
816 2297 926 2352 autem
948 2309 1022 2352 eum
1044 2286 1185 2372 primum
1199 2307 1335 2350 novasse
1351 2305 1419 2348 cre-

234 2389 334 2454 dibile
358 2412 432 2453 cum
447 2389 607 2472 videatur,
632 2391 700 2454 eius
714 2392 817 2476 magis
833 2413 928 2476 quam
944 2389 1136 2476 Cypriorum
1153 2399 1208 2454 aut
1222 2387 1386 2474 Euripidis
1394 2391 1419 2466 1)

233 2493 379 2578 vestigiis
400 2493 564 2568 Nasonem
585 2493 639 2558 hio
661 2493 808 2558 insistere
830 2517 1019 2581 persuasum
1042 2493 1210 2557 habemus.
1233 2531 1275 2539 —-

320 2597 493 2683 Postquam
523 2621 563 2661 ea
584 2599 647 2661 Ida
670 2597 800 2662 Troiam
821 2599 934 2680 rediit,
964 2597 1247 2662 vehementissimo
1270 2593 1419 2659 Helenae

235 2723 343 2765 amore
365 2701 515 2764 incensus
536 2700 628 2765 Paris
650 2723 778 2786 sempor
799 2701 833 2780 id
855 2709 991 2787 spectat,
1014 2710 1050 2765 ut
1072 2701 1106 2764 in
1129 2699 1303 2763 Graeciam
1325 2697 1419 2784 profi·

156 2803 157 2806 ’
237 2805 385 2869 ciscatur.
429 2803 520 2867 Dicit
543 2812 653 2868 autem
676 2803 902 2868 dedesiderio
925 2826 981 2869 suo
1004 2829 1035 2869 v.
1061 2810 1119 2874 101
1146 2824 1230 2888 sqq:

366 2964 408 3022 ‘te
430 2958 568 3043 vigilans
591 2958 702 3040 oculis,
726 2959 832 3024 animo
855 2969 888 3024 te
910 2968 1006 3024 nocte
1029 2958 1193 3041 videbam,

396 3124 412 3146 ,
441 3062 564 3126 lumina
587 3085 661 3126 cum
682 3061 811 3148 placido
834 3064 923 3126 victa
945 3084 1058 3148 sopore
1081 3059 1198 3126 iacent.

367 3163 444 3249 quid
465 3165 565 3228 facies
587 3187 750 3251 praesens,
774 3188 857 3252 quae
879 3165 1044 3230 nondum
1067 3165 1150 3229 visa
1171 3164 1350 3250 placebas?

443 3268 608 3350 ardebam,
632 3269 778 3354 quamvis
801 3269 877 3333 hinc
899 3268 1012 3355 procul
1033 3269 1210 3352 ignist
1141 3269 1232 3352 erat’3

239 3422 406 3486 0116111111
436 3445 467 3485 v.
497 3427 598 3490 362‘
600 3424 753 3508 teprius
778 3433 843 3510 opt
844 3447 896 3488 avr
903 3474 912 3506 ,
947 3446 1043 3510 quam
1076 3423 1158 3487 mihi
1190 3432 1285 3489 nota
1317 3421 1421 3488 fores’.

238 3524 326 3604 Quas
355 3535 426 3589 sent
428 3534 482 3588 ent
484 3526 530 3588 ias
559 3525 601 3588 ad
622 3525 934 3592 Alexandrinorum
949 3527 1133 3612 exemplum
1163 3527 1328 3592 confectas
1352 3549 1421 3590 esse

236 3629 446 3714 Rohdepl
431 3633 490 3698 157
515 3628 620 3693 docet.
667 3629 755 3710 Quid
780 3631 884 3696 vero?
915 3631 1097 3717 quodcum
1120 3636 1421 3716 110301106ογ1-

236 3733 358 3796 tissime
382 3742 568 3818 comparent
570 3756 632 3814 ur,
645 3733 732 3818 apud
755 3734 861 3800 Oollut
863 3735 941 3798 hum
965 3744 1020 3799 ext
1022 3743 1077 3798 ant
1098 3758 1129 3798 v
1156 3740 1227 3816 193,
1251 3733 1309 3797 ubi
1330 3733 1421 3796 Paris

324 3974 428 4044 ¹.)Oap
448 3975 581 4030 ΧΙ2101.
600 3977 744 4045 Wagncr‘
747 3995 801 4032 cur.
821 3977 910 4046 mytffh
929 3995 955 4046 p.
975 3979 1032 4032 173.

323 4059 344 4126 1)
363 4059 429 4115 Eius
446 4062 525 4128 locos,
545 4063 640 4131 quibus
658 4063 699 4117 vel
717 4065 869 4118 universum
886 4063 1013 4117 iudicium
1031 4063 1072 4117 vel
1089 4064 1220 4131 promissa
1237 4069 1296 4117 tant
1285 4070 1340 4117 tum
1359 4063 1421 4118 dea-

236 4151 340 4201 rumat
342 4149 447 4216 tingunt
449 4165 488 4214 ur,
507 4149 605 4218 apponi
622 4149 713 4203 liceat:
733 4149 817 4202 Andr.
836 4147 887 4202 1174
906 4165 961 4218 sqq.
988 4149 1054 4203 Heo.
1072 4151 1122 4204 619
1141 4167 1197 4218 sqq.
1216 4148 1268 4203 944
1280 4166 1335 4218 sqq
1362 4149 1422 4203 Hel.

238 4235 351 4301 13100.
380 4234 430 4287 357
456 4252 512 4303 sqq
541 4235 591 4288 676
610 4252 665 4303 sqq
701 4235 761 4302 Iph.
786 4235 819 4288 A.
847 4236 895 4287 180
914 4251 969 4303 sqq.
994 4235 1047 4289 573
1065 4253 1121 4304 sqq.
1148 4235 1215 4289 1284
1234 4253 1287 4304 sqq.
1325 4234 1421 4289 Troad.

1617 3849 1618 3928 )

1617 3901 1618 3990 l

239 4320 289 4372 924
307 4335 363 4386 sqq.
383 4321 432 4373 971
452 4335 507 4387 sqq

1359 4790 1590 4842 'si-she„
