3242 4860
718 369 760 377 -
806 331 867 398 106
911 368 953 396 --.-

330 500 424 563 Duae
446 500 546 584 igitur
561 500 601 564 (16
618 500 742 564 Paridis
757 500 978 564 adulescentia
995 499 1306 566 circumferebantur
1321 521 1429 562 narra·

245 604 363 668 tiones:
380 604 483 668 altera
501 603 632 670 exculta
647 626 666 666 a
682 603 874 690 Cypriorum
889 612 995 693 poeta,
1012 603 1116 668 altera
1132 602 1171 667 ab
1188 601 1429 668 Alexandrinis.

246 705 310 788 Qui
338 717 445 771 utrum
471 707 686 772 recentiorem
708 705 798 770 illam
820 707 1009 770 memoriam
1031 707 1092 792 ipsi
1115 708 1213 770 otiam
1234 705 1430 786 invenerint,

245 832 285 874 on
310 831 328 874 e
350 808 421 874 loco
445 810 585 895 quodam
608 809 797 874 abscondito
820 809 914 895 primi
934 810 967 874 in
982 809 1090 874 lucem
1106 809 1335 896 protraxerint,
1358 809 1431 894 quis

246 913 356 976 dicat?
392 913 465 978 Hoc
494 923 604 978 tamen
633 924 757 977 certum
785 913 915 977 videtur
943 935 1016 976 eam
1039 913 1080 976 ab
1103 914 1255 978 universa
1276 910 1430 976 historiae

244 1014 400 1080 fabularis
421 1017 546 1080 ratione
569 1018 700 1082 minime
724 1016 915 1081 abhorrere:
940 1037 1015 1080 nam
1034 1015 1179 1080 nonnulli
1195 1015 1327 1080 Troiani
1341 1013 1432 1080 nobi-

244 1118 356 1182 lissimi
384 1142 504 1205 pecora
534 1121 661 1206 pavisse
691 1121 878 1201 traduntur,
909 1118 1001 1183 velut
1030 1119 1191 1183 Anchises
1220 1117 1432 1204 Ganymedes

244 1221 434 1287 Democoon
456 1222 586 1288 Aeneas
609 1223 664 1287 alii
677 1223 718 1310 1),
742 1245 878 1310 quorum
901 1245 1035 1288 numero
1059 1223 1122 1285 iam
1146 1222 1247 1286 addas
1268 1220 1431 1286 Paridem.

331 1325 383 1388 Ex
413 1327 475 1406 eis,
508 1349 591 1414 quae
618 1327 713 1391 modo
742 1326 992 1412 disputavimus,
1024 1326 1100 1389 satis
1122 1335 1199 1411 puto
1223 1324 1433 1410 apertum-fit

246 1427 418 1509 Ovidium,
453 1429 611 1515 quidquid
638 1440 776 1516 praeter·
798 1451 852 1512 ea,
886 1451 970 1515 quae
1000 1428 1108 1494 adhuc
1139 1427 1359 1509 tractavimuS,
1389 1427 1432 1492 (16

243 1529 369 1624 ¹Paridis
392 1542 477 1596 sorte
498 1534 663 1619 proponit,
693 1555 756 1597 non
781 1555 823 1596 ex
845 1533 1037 1598 hellenistae
1060 1532 1217 1612 auctoris,
1244 1531 1303 1594 sed
1327 1553 1344 1594 6
1368 1530 1432 1615 Cy-

244 1636 387 1719 priorum
408 1636 609 1722 potissimum
628 1637 811 1701 narratione
828 1635 882 1700 vel
899 1636 995 1700 etiam
1012 1658 1030 1699 e
1046 1635 1231 1720 tragoediis,
1254 1635 1430 1720 praecipue

244 1737 439 1823 Euripideis,
462 1740 625 1824 petivisse.
679 1744 683 1750 ’

331 1841 463 1906 Initium
492 1853 600 1906 autem
628 1844 783 1910 faciamus
813 1843 854 1907 ab
881 1843 1030 1908 Hecubae
1058 1845 1193 1924 somnio,
1224 1841 1312 1927 quod
1340 1839 1431 1904 Paris

246 1944 394 2009 Helenae
417 1946 517 2010 refert
539 1970 570 2010 v.
593 1951 635 2014 43
660 1970 743 2034 sqq.:

376 2085 496 2148 ‘matris
519 2085 628 2149 adhuc
651 2096 742 2150 utero
765 2095 861 2170 partu
882 2095 1066 2149 remorante
1087 2083 1233 2165 tenebar,

451 2190 517 2252 iam
540 2188 693 2273 gravidus
714 2190 798 2254 iusto
820 2189 965 2274 pondere
988 2197 1103 2252 venter
1126 2197 1210 2251 erat:
1320 2209 1322 2214 ’

374 2288 430 2352 illa
451 2291 512 2355 sibi
535 2292 702 2375 ingentem
724 2293 793 2356 visa
817 2301 865 2356 est
888 2292 947 2356 sub
970 2291 1111 2375 imagine
1134 2290 1236 2354 somni

451 2393 678 2459 flammiferam
698 2393 794 2480 pleno
818 2396 957 2460 reddere
980 2403 1095 2460 ventre
1118 2394 1233 2458 facem.

376 2499 490 2562 territa
512 2500 677 2583 consurgit
698 2499 937 2586 metuendaque
961 2498 1065 2564 noctis
1088 2519 1210 2584 opacae

452 2603 523 2666 visa
544 2604 613 2667 seni
634 2603 774 2685 Priamo,
797 2602 926 2667 vatibus
948 2602 1002 2667 ille
1025 2602 1134 2666 refert.

377 2727 523 2770 arsurum
545 2705 670 2770 Paridis
693 2716 785 2770 vates
809 2707 896 2770 canit
918 2706 1001 2770 lliou
1023 2705 1109 2790 igni',

248 2852 281 2906 et
303 2842 431 2906 Helena
453 2842 651 2929 respondens
674 2866 725 2929 ep.
748 2843 843 2908 XVII
865 2849 927 2912 237
952 2867 1020 2930 sqq.
1043 2843 1094 2908 his
1117 2843 1261 2928 respicit:

378 2980 444 3044 ‘fax
459 3004 586 3068 quoque
603 3005 654 3046 me
670 2992 781 3063 terret,
797 3005 895 3069 quam
910 3004 944 3045 se
960 2983 1125 3067 peperisse
1142 2990 1310 3046 cruentam

383 3129 387 3135 ·
454 3094 529 3148 ante
553 3086 639 3149 diem
661 3095 772 3170 partus
795 3096 844 3148 ast
866 3094 921 3149 tua
943 3086 1013 3148 visa
1034 3107 1168 3171 parens3

378 3196 410 3250 et
433 3197 544 3252 vatum
566 3189 663 3253 timeo
686 3190 835 3271 monitus,
858 3209 938 3275 quos
960 3189 1036 3272 igne
1059 3187 1194 3272 Pelasgo

454 3291 537 3356 Ilion
560 3315 705 3355 arsurum
728 3292 968 3378 praemonuisse
992 3290 1118 3355 ferunt'.

250 3428 337 3509 Quid
360 3429 400 3494 (16
418 3428 534 3492 eadem
548 3451 583 3492 re
599 3429 793 3515 Cypriorum
808 3439 920 3494 auctor
934 3429 1112 3514 protulerit,
1136 3451 1330 3515 quamquam
1346 3426 1434 3512 apud

248 3531 412 3595 neminem
433 3532 588 3595 traditum
609 3532 759 3616 legimus,
783 3542 894 3597 tamen
917 3555 958 3596 ex
981 3532 1167 3618 Euripides,
1191 3554 1288 3618 quam
1310 3530 1433 3594 Ennius

248 3635 340 3699 nobis
370 3636 528 3716 servavit,
559 3637 713 3700 memoria
736 3635 887 3700 Wentzel
916 3645 1071 3721 peracute
1100 3637 1183 3699 eruit
1205 3637 1249 3722 (p.
1274 3639 1315 3703 38
1338 3633 1432 3719 sqq.).

248 3737 295 3803 Eo
321 3739 422 3820 enim,
446 3739 532 3824 quod
554 3762 618 3803 non
642 3749 742 3822 vates,
765 3737 824 3802 sed
846 3739 1030 3825 Apollinem
1053 3763 1073 3802 a
1094 3739 1222 3802 Priamo
1247 3737 1287 3802 de
1311 3737 1433 3800 somnio

248 3842 302 3906 illo
327 3840 457 3906 horrido
481 3841 605 3906 aditum
621 3842 737 3907 Troiae
761 3842 862 3906 fatum
884 3842 1128 3928 praedicentem
1150 3841 1276 3906 inducit
1299 3840 1353 3927 (cf.
1368 3841 1432 3903 ino.

248 3947 311 4009 inc.
335 3945 400 4010 fab.
424 3945 500 4030 fgm.
525 3946 555 4008 V
576 3945 605 4009 R
626 3974 659 4004 -.-
676 3946 753 4030 fgm.
778 3967 828 4030 ap.
846 3943 913 4010 Cic.
939 3945 979 4009 de
1004 3947 1069 4010 div.
1085 3945 1101 4008 l
1117 3951 1168 4028 21,
1192 3945 1258 4031 42),
1283 3944 1363 4008 duas
1382 3964 1434 4006 res

249 4049 334 4112 inter
366 4072 400 4115 se
430 4050 632 4113 commiscuit
660 4059 757 4135 poeta
786 4049 944 4133 tragicus:
978 4071 1054 4113 narn
1083 4049 1109 4112 si
1138 4049 1218 4112 deus
1249 4045 1432 4127 consulitur,

250 4154 371 4218 somnio
401 4176 479 4239 opus
509 4176 573 4218 non
602 4161 666 4234 est,
697 4161 729 4216 et
757 4152 784 4215 si
806 4151 869 4216 hoc
895 4151 946 4234 fit,
978 4151 1187 4242 ὀνειροκριτῶν
1210 4151 1433 4237 interpretatio

254 4315 396 4324 ,—..-.-.-
421 4315 457 4320 .-

337 4395 358 4462 1)
377 4396 416 4449 Cf.
437 4395 606 4452 1161161111.
626 4412 652 4466 p.
670 4394 729 4448 234.
