3242 4860
720 371 954 436 -161-

248 541 338 605 Ρ6116
360 539 547 627 parentibus
570 539 686 602 invitis.
701 539 848 624 suscipit:
872 560 947 601 nam
970 545 1093 601 tantum
1116 537 1223 619 abest,
1247 547 1283 602 ut
1305 537 1431 601 Priamo

249 644 461 730 impediente,
490 651 527 706 ut
550 643 581 706 ei
603 641 806 731 χαριζόμενος
827 640 1004 706 Phereclus
1026 641 1136 704 Paridi
1158 664 1259 706 naves
1281 639 1433 704 aedificet

250 749 351 830 (61.1.
372 748 519 833 198111).
558 744 664 824 Quam
687 745 820 810 adrem
842 746 961 830 optime
985 743 1131 830 quadrat,
1155 743 1242 831 quod
1263 741 1433 810 (lolluthus

250 849 462 918 Cassandram
490 858 562 934 post
583 848 709 914 Paridis
738 847 893 931 reditum,
923 871 988 912 non
1015 857 1091 912 ante
1117 848 1179 912 iter
1200 849 1433 912 vaticinantem

249 954 374 1019 inducit
402 959 444 1034 (v.
474 958 535 1022 391
567 957 647 1037 aql:
676 952 796 1016 etenim
828 952 890 1016 nisi
918 951 1063 1016 Priamus
1092 953 1154 1016 iter
1183 951 1432 1038 comprobasset,

249 1056 418 1122 Colluthus
440 1063 529 1120 certe
552 1053 633 1118 nihil
655 1054 830 1136 habuisset,
854 1077 912 1118 cur
931 1077 951 1117 a
966 1053 1158 1140 Cypriorum
1175 1064 1230 1119 aut
1244 1052 1433 1138 tragoediae

248 1160 431 1241 traditione,
456 1158 497 1223 de
521 1179 584 1244 qua
605 1157 682 1222 vide
704 1167 826 1243 postea,
850 1156 1031 1222 recederet.

336 1262 427 1342 Quae
452 1285 525 1326 cum
546 1262 593 1324 ita
615 1262 691 1342 sint,
714 1260 882 1327 Oolluthus
903 1283 1021 1346 poema
1044 1284 1135 1326 suum
1158 1261 1287 1325 fabulae
1309 1261 1432 1324 formae

248 1389 377 1452 prorsus
399 1364 563 1452 inauditae
587 1365 813 1450 superstruxit,
844 1373 940 1451 atque
964 1387 1039 1428 cum
1062 1387 1132 1429 eam
1156 1365 1197 1429 ab
1220 1364 1274 1430 illo
1296 1365 1364 1449 ipso
1386 1363 1434 1426 in-

248 1479 380 1534 ventam
404 1490 473 1532 esse
496 1490 591 1532 nemo
615 1467 738 1549 credat,
761 1490 802 1531 ne
826 1478 938 1533 auctor
960 1468 1092 1555 quidem
1116 1469 1184 1532 eius
1203 1467 1354 1532 Paridem
1378 1491 1433 1532 ex-

248 1572 387 1658 positum
417 1593 487 1635 esse
516 1572 549 1635 in
579 1594 635 1636 suo
664 1571 806 1634 carmine
836 1571 966 1636 videtur
992 1571 1134 1636 finxisse.
1179 1570 1248 1635 Nec
1275 1581 1385 1634 tamen
1406 1572 1433 1635 is

217 1667 222 1674 ”
249 1675 334 1739 661116
357 1675 545 1739 memoriam
560 1673 648 1738 illam
665 1671 827 1738 exhibuit:
851 1697 926 1737 nam
945 1674 1160 1738 monumentis
1176 1695 1303 1759 quoque
1318 1675 1435 1765 aetatis

250 1779 377 1842 serioris
396 1777 486 1842 Paris
508 1801 573 1842 non
595 1787 630 1842 ut
651 1787 760 1863 pastor
781 1777 866 1841 inter
886 1787 1031 1863 pastores
1054 1777 1192 1860 adultus,
1215 1776 1274 1840 sed
1296 1787 1332 1842 ut
1352 1801 1436 1862 puer

250 1880 291 1946 de
322 1883 415 1965 regia
443 1881 536 1945 domo
567 1890 655 1945 ortus
682 1881 853 1966 perspicue
883 1886 1188 1966 repraesentatur.1)
1239 1880 1285 1944 At
1314 1881 1435 1947 dixerit

249 1985 383 2048 fortasse
419 1985 576 2069 quispiam
610 2006 648 2048 eo
659 2034 668 2066 ,
703 1982 790 2068 quod
823 1984 911 2068 apud
944 1981 1129 2048 Oolluthum
1158 1983 1249 2048 Paris
1282 1983 1435 2070 simplicis

248 2087 385 2173 pastoris
411 2109 545 2151 munere
568 2086 705 2170 fungens
729 2096 761 2150 et
783 2085 889 2150 fistula
912 2108 1032 2152 canens
1056 2097 1088 2150 et
1111 2087 1245 2151 dearum
1269 2096 1436 2174 aspectum

249 2191 385 2255 horrens
413 2189 546 2274 fingitur
568 2198 611 2238 -ss
634 2189 720 2275 quod
748 2191 835 2274 regis
863 2188 929 2254 filio
959 2190 1063 2254 minus
1090 2199 1180 2254 certe
1208 2192 1360 2256 convenit
1381 2231 1433 2272 ——,

250 2293 443 2358 sententiam
472 2315 578 2357 meam
607 2292 748 2376 infringi.
793 2291 892 2357 Cuius
921 2292 1098 2357 adversarii
1120 2294 1154 2357 in
1176 2295 1364 2360 memoriam
1385 2317 1435 2358 re-

249 2406 386 2462 vocetur
406 2397 497 2478 ratio,
522 2418 605 2483 quae
627 2396 712 2459 inter
733 2406 850 2481 poetae
874 2406 907 2460 et
928 2397 1059 2483 pictoris
1082 2419 1213 2482 operam
1235 2397 1434 2462 intercedat:

250 2500 326 2564 huic
356 2523 410 2581 ea,
441 2522 524 2586 quae
553 2522 617 2563 uno
646 2499 799 2584 temporis
827 2510 947 2584 puncto
978 2509 1147 2584 geruntur,
1182 2501 1377 2586 concipienti
1403 2512 1437 2566 et

214 2691 216 2694 .
251 2604 440 2689 depingenti
461 2604 496 2668 in
517 2599 617 2667 unum
639 2601 814 2689 coartanda
829 2612 918 2686 sunt3
942 2603 989 2666 illi
1005 2602 1163 2689 quidquid
1178 2613 1274 2668 antea
1289 2605 1437 2689 neglexit

249 2707 303 2772 vel
324 2708 552 2793 praetermisit,
575 2716 688 2792 postea
710 2706 808 2769 variis
832 2705 982 2770 carminis
1003 2706 1209 2790 procedentis
1231 2706 1310 2772 locis
1333 2710 1436 2793 magis

250 2811 376 2898 aperire
406 2810 493 2874 licet.
538 2809 681 2874 Accedit
708 2818 833 2890 autem,
869 2807 954 2893 quod
984 2808 1175 2874 hellenistae
1205 2811 1237 2873 in
1266 2811 1364 2876 rebus
1392 2811 1437 2876 ad

249 2916 351 2978 vitam
373 2911 557 2977 bucolicam
578 2912 814 2999 pertinentibus
838 2911 1033 2976 cremandis
1056 2911 1143 2978 haud
1167 2913 1264 2981 dubie
1288 2913 1349 2979 sibi
1369 2915 1437 3000 pla-

251 3017 385 3081 cebant:
423 3019 532 3102 itaque
567 3017 627 3080 etsi
659 3016 795 3103 pastoris
825 3015 967 3079 muneris
996 3014 1179 3082 illustrandi
1208 3017 1312 3082 studio
1341 3019 1437 3082 nimis

250 3120 319 3184 fere
347 3119 494 3203 indulsit,
524 3131 637 3186 auctor
659 3119 802 3184 Colluthi
823 3118 974 3182 Paridem
997 3118 1118 3185 Priami
1145 3143 1274 3186 servum
1297 3121 1436 3207 intelligi

250 3224 502 3310 haudquaquam
522 3223 633 3288 voluit.

336 3327 452 3417 Eidem
475 3351 553 3391 vero
577 3327 750 3392 traditioni*
764 3327 873 3391 nescio
894 3349 935 3391 an
951 3326 1014 3390 duo
1031 3327 1085 3390 alii
1098 3338 1215 3413 poetae
1231 3327 1438 3392 alexandrini

252 3454 285 3496 se
316 3430 556 3495 adstrinxerint.
606 3429 770 3516 Euphorio
802 3430 903 3510 enim,
934 3431 960 3494 si
988 3429 1103 3495 Servio
1132 3431 1196 3512 (ad.
1219 3430 1302 3494 Aen.
1325 3429 1436 3514 1132)

251 3533 350 3598 fidem
373 3532 540 3615 habemus,
564 3531 647 3597 haec
669 3531 808 3597 rettulit:
833 3533 988 3597 ‘Priamus
1012 3556 1055 3597 ex
1069 3533 1188 3598 Arisba
1209 3531 1312 3598 filium
1326 3543 1437 3598 vatem

251 3638 405 3722 suscepit3
430 3637 485 3720 qui
507 3658 581 3700 cum
605 3636 740 3702 dixisset
762 3635 902 3722 quadam
923 3637 976 3700 die
992 3638 1081 3701 nasci
1096 3659 1243 3724 puerum,
1265 3659 1438 3724 perquem

252 3740 351 3804 Troia
378 3749 487 3825 posset
516 3740 637 3822 everti,
666 3750 864 3826 pepererunt
892 3740 986 3804 simul
1013 3749 1046 3804 61
1068 3739 1271 3826 Thymoetes
1297 3763 1381 3806 uxor
1403 3754 1439 3807 et

251 3843 405 3924 Hecuba,
434 3865 516 3929 quae
540 3842 659 3907 Priami
681 3843 827 3927 legitima
851 3852 930 3908 erat.
975 3843 1042 3908 Sed
1063 3843 1209 3908 Priamus
1232 3843 1436 3930 Thymoetes

251 3945 353 4009 filium
382 3967 582 4032 uxoremque
611 3948 703 4011 iussit
732 3947 846 4012 occidi'
876 3947 966 4031 (lgm.
992 3953 1063 4017 150.
1088 3947 1127 4011 cf.
1150 3945 1305 4010 Meineke
1330 3947 1436 4014 ‘Anah

251 4048 517 4136 Alex.'p.152.).
555 4049 637 4114 lnde
660 4051 768 4136 igitur,
793 4073 866 4115 cum
888 4073 949 4114 rex
970 4051 1098 4114 Aesaco
1121 4051 1198 4133 vati,
1222 4051 1278 4136 qui
1298 4073 1438 4137 puerum

251 4151 392 4216 interfici
406 4188 408 4191 ·
423 4154 575 4235 iusserat,
609 4175 674 4218 non
707 4153 941 4240 obsequeretur
969 4193 1011 4202 —
1041 4163 1131 4217 certe
1159 4162 1268 4218 autem
1298 4153 1438 4218 alterum

251 4255 420 4320 infantium
442 4255 581 4342 perdere
605 4257 680 4320 satis
702 4257 817 4322 habuit
839 4297 890 4339 —,
906 4256 1058 4321 Paridem
1080 4280 1146 4321 non
1164 4257 1355 4344 expositum,
1377 4259 1437 4323 sed

338 4428 358 4492 ¹)
378 4427 416 4480 cf.
438 4429 561 4483 Wentzel
578 4445 605 4498 p.
625 4431 642 4483 9
660 4437 686 4484 et
705 4429 764 4484 adn.
783 4430 806 4482 5.
