3242 4860
683 295 1019 368 -eoss‘

283 469 336 534 De
358 469 487 536 Helena
514 480 623 534 autem
646 471 728 556 ipsa,
760 470 918 556 quomodo
942 472 1097 537 adversus
1119 469 1244 537 Paridis
1266 495 1382 560 preces

198 596 234 638 se>
263 575 415 658 gesserit,
446 572 529 638 haec
558 583 631 638 sunt
660 574 815 640 dicenda:
847 597 920 639 eam
946 576 1087 661 primum
1114 599 1179 640 non
1202 577 1270 641 sine
1293 600 1382 641 mora

198 677 350 741 Paridem
362 677 454 762 sequi
464 677 583 764 diuque
591 675 753 741 haesitare
762 680 1163 746 eteOolluthinarratione
1173 681 1218 765 (v.
1227 684 1291 750 305
1300 685 1381 766 sqq.)
1458 751 1461 756 ,

199 791 233 845 et
262 804 304 846 ex
328 780 464 867 epistula
487 779 651 845 Ouidiana
674 781 792 866 (XVII)
823 784 900 848 satis
928 783 1132 870 perspicitur.
1177 782 1244 848 Sed
1274 805 1383 870 quam-

199 907 295 970 quam
324 893 360 956 ut
382 883 468 970 apud
491 883 677 950 Colluthum
699 908 772 950 suos
796 885 948 951 deserere
972 888 1003 951 ei
1025 887 1164 972 denique
1189 897 1313 951 certum
1335 885 1381 969 fit,

199 989 246 1054 sic
276 1010 348 1052 eam
377 1011 450 1052 oum
477 999 622 1052 amatore
643 999 757 1075 postea
778 987 939 1055 abituram
963 1013 1033 1055 esse
1055 1014 1099 1055 ex
1122 990 1233 1055 Ovidii
1255 1012 1383 1076 quoque

201 1092 339 1178 epistula
360 1094 402 1180 (e.
427 1114 458 1176 g.
482 1115 513 1155 r.
538 1095 600 1162 105
623 1091 684 1179 sq.)
707 1093 920 1177 suspicamur:
945 1117 1076 1158 oausam
1098 1103 1217 1176 tamen,
1241 1116 1305 1180 qua
1328 1093 1383 1156 im-

199 1196 292 1282 pulsa
325 1219 399 1260 eum
429 1204 598 1281 sequatur,
632 1194 720 1281 apud
747 1195 910 1261 Nasonem
931 1197 1035 1262 'aliam
1066 1220 1135 1262 esse
1165 1195 1383 1281 intelligimus,

200 1299 297 1364 aliam
320 1299 406 1386 apud
429 1298 625 1364 Colluthum,
670 1297 735 1362 Hic
759 1299 843 1364 enim
868 1323 955 1383 eam,
983 1310 1019 1364 ut
1041 1310 1209 1387 sequatur,
1232 1323 1271 1365 eo
1292 1299 1386 1386 fingit

200 1403 330 1485 adduci,
347 1403 434 1489 quod
446 1402 576 1468 Troiam
592 1402 706 1466 urbem
724 1402 969 1468 celeberrimam
986 1427 1020 1468 se
1035 1405 1177 1470 visuram
1193 1427 1263 1469 esse
1276 1414 1386 1492 sperat
1418 1484 1419 1487 Ἴ

201 1511 244 1588 (v.
261 1512 325 1576 310
340 1511 436 1593 sqq.);
461 1516 574 1570 contra
596 1506 683 1591 apud
703 1516 834 1591 poetam
853 1528 1021 1572 romanum
1037 1517 1156 1593 quanto
1172 1507 1293 1572 maiore
1310 1530 1383 1572 cum

202 1610 379 1674 calliditate
409 1609 572 1694 elegantia
600 1609 757 1692 sollertia,
788 1609 905 1694 quibus
933 1621 969 1675 ut
997 1633 1071 1674 oum
1093 1610 1211 1675 Paride
1238 1609 1384 1697 aufugiat

202 1715 306 1779 causis
324 1721 581 1795 commoveatur,
604 1711 734 1776 Helena
755 1713 917 1797 significat
940 1724 973 1778 et
995 1724 1158 1800 tamquam
1180 1714 1289 1801 prodit
1310 1737 1385 1779 nec-

201 1817 279 1881 dum
301 1817 405 1904 planis
427 1817 537 1882 verbis
559 1816 730 1903 profitetur
754 1817 808 1904 (cf.
831 1840 863 1880 v.
886 1821 949 1885 263
972 1839 1040 1904 sqq.
1065 1822 1107 1887 65
1130 1819 1223 1905 sqq).
1396 1821 1399 1824 ”

286 1920 381 1984 Haec
404 1921 510 1985 omnia
533 1921 631 1984 etiam
648 1919 747 1984 Ovidi
762 1919 969 2006 Colluthique
992 1931 1158 1986 auctorem
1180 1921 1384 1986 hellenistam

200 2024 319 2088 vividis
343 2023 503 2088 coloribus
518 2023 716 2109 expressisse
731 2033 826 2110 put03
849 2024 908 2088 sed
923 2025 1070 2110 quamvis
1085 2024 1244 2111 quomodo
1260 2025 1387 2110 singula

200 2127 359 2212 pinxerit,
389 2127 520 2191 minime
543 2127 585 2192 sit
608 2127 824 2214 exploratum,
854 2126 916 2191 hoc
940 2139 1030 2192 certe
1044 2129 1145 2193 'nobis
1168 2139 1294 2194 constat
1317 2130 1386 2193 eius

202 2240 427 2316 excerptorem
444 2229 629 2294 Oolluthum
652 2241 752 2296 totam
775 2230 860 2295 hanc
883 2254 952 2296 rem
976 2234 1100 2297 ratione
1122 2243 1239 2320 poetae
1254 2233 1385 2318 ingenio

200 2333 449 2420 haudquaquam
472 2333 784 2418 digna'turbavisse.
806 2375 849 2382 —

285 2435 502 2522 Relinquitur,
532 2447 569 2501 ut
597 2425 750 2502 nonnulla
780 2437 924 2503 dicamus
954 2439 995 2502 de
1023 2440 1213 2521 Hermiona,
1243 2437 1386 2503 Menelai

112 2605 116 2610 ,
203 2538 413 2624 Helenaeque
447 2539 560 2604 filiola:
600 2543 720 2605 etenim
750 2552 967 2628 quantopere,
1005 2543 1093 2627 quod
1118 2552 1223 2606 mater
1248 2543 1384 2625 abierat,

200 2653 315 2728 questa
330 2643 380 2724 sit,
404 2652 550 2708 extremo
565 2645 599 2707 in
613 2656 762 2729 poemate
780 2644 948 2710 Colluthus
962 2644 1215 2710 luculentissime
1231 2646 1383 2730 explicat.
1462 2727 1464 2734 X

201 2745 339 2810 Ovidius
361 2769 467 2832 neque
490 2746 616 2810 Paridis
638 2770 744 2833 neque
759 2743 912 2813 Helenae
930 2750 972 2811 in.
987 2747 1125 2833 epistula
1147 2748 1322 2834 quidquam
1345 2748 1385 2813 de

201 2871 240 2912 ea
260 2849 385 2935 profert
406 2851 465 2914 nisi
490 2873 538 2931 eo,
563 2872 625 2935 quo
649 2851 689 2915 de
714 2874 796 2916 cena
819 2874 923 2916 sermo
946 2851 992 2936 fit,
1015 2851 1087 2915 loco
1112 2852 1176 2938 (ep.
1192 2851 1275 2915 XVI
1297 2853 1384 2937 256).

200 2953 395 3016 Accuratius
439 2962 564 3035 autem,
610 2957 755 3040 quamvis
799 2955 1000 3042 praeteriens
1044 2954 1209 3040 multoque
1253 2955 1385 3038 brevius

200 3053 367 3136 Oollutho,
411 3078 481 3119 rem
522 3057 556 3120 in
598 3079 638 3120 ea
675 3058 813 3144 epistula
849 3067 994 3139 enarrat,
1039 3080 1136 3142 quam
1173 3057 1384 3124 Hermionam

202 3157 310 3222 Oresti
354 3159 551 3224 scribentem
587 3159 682 3242 facit,
725 3162 783 3248 ubi
818 3161 890 3242 illa,
934 3171 970 3225 ut
1008 3159 1196 3226 Tantalides
1233 3161 1385 3227 mulieres

201 3263 330 3345 generis
352 3261 418 3326 fato
441 3274 549 3348 aptam
566 3284 635 3326 esse
651 3265 795 3348 rapinam
812 3265 1010 3350 comprobet,
1033 3265 1128 3328 verbi
1143 3287 1240 3328 causa
1254 3276 1386 3350 praeter

200 3364 325 3428 Ledam
360 3375 393 3428 et
426 3365 678 3452 Hippodamiam
712 3368 805 3432 affert
838 3367 1000 3432 Helenam
1034 3378 1171 3432 matrem
1207 3374 1269 3454 (ep.
1303 3367 1386 3433 VIII

144 3557 149 3567 Ι
199 3473 242 3536 75
265 3473 361 3553 sqq.):

310 3623 377 3686 ‘vix
400 3622 550 3709 equidem
573 3625 715 3707 memini,
738 3626 870 3690 memini
893 3635 1017 3690 tamen:
1041 3626 1148 3690 omnia
1169 3625 1283 3707 luctae,

354 3727 461 3790 omnia
483 3727 612 3792 solliciti
632 3727 730 3813 plena
752 3729 875 3794 timoris
899 3740 1000 3795 erant.

307 3828 408 3893 flebat
430 3852 510 3894 avus
531 3830 773 3918 Phoebeque
797 3856 886 3897 soror
907 3834 1087 3920 fratresque
1110 3832 1251 3917 gemelli,

355 3932 468 3996 orabat
491 3956 623 4020 superos
645 3933 738 3998 Leda
759 3958 915 4022 suumque
937 3936 1059 4002 Iovem.

308 4037 378 4121 ipsa
401 4058 462 4120 ego
485 4061 549 4102 non
570 4037 682 4122 longos
706 4039 804 4102 etiam
828 4056 895 4103 tum
918 4041 1018 4104 scissa
1041 4038 1173 4125 capillos

357 4138 555 4206 clamabam:
579 4141 648 4204 sine
671 4163 733 4223 me,
757 4164 810 4205 me
833 4143 901 4206 sine
924 4151 1028 4207 mater
1050 4142 1143 4206 abis?

307 4265 383 4306 nam
406 4243 547 4309 coniunx
569 4244 692 4308 aberat.
715 4286 758 4293 —
780 4268 821 4310 ne
844 4269 909 4311 non
927 4245 1082 4332 Pelopeia
1104 4245 1229 4328 credar,

355 4369 434 4412 ecce
456 4347 668 4434 Neoptolemo
690 4349 813 4435 praeda
834 4360 948 4436 parata
971 4349 1035 4413 fui’.

1196 4454 1231 4507 7*
