3242 4860
678 299 891 360 νίζ’)...

199 461 302 524 tiones
330 483 434 546 paene
463 464 711 527 contumeliosas
740 463 899 528 habentes
922 464 1059 547 inducit3
1090 487 1127 526 ac
1153 487 1195 529 ne
1217 465 1384 529 Lucianoa

199 566 330 650 quidem
345 565 480 650 indigna
494 576 577 647 sunt,
601 588 683 651 quae
699 564 753 630 hic
769 568 802 630 in
819 568 1091 652 comparationem
1107 577 1273 632 vocentur.
1303 571 1381 632 luno

198 669 297 751 igitur
320 668 406 755 apud
430 667 536 733 Collut
538 667 614 733 hum
638 669 720 735 haec
744 673 789 757 (v.
815 675 876 740 148
899 673 995 756 ειμι)

355 793 384 859 εί
406 818 445 877 με
469 795 631 892 διακρίνων
655 797 901 880 προφερέστερον
921 844 1183 858 .........

354 945 897 961 ..................
921 899 1006 982 ἔρνος
1029 891 1182 983 ὀπάσσῃς,

353 994 536 1085 πάσηςσ’
560 995 715 1087 ὑμετέρης
740 993 1085 1122 Ἀσίηςὴγρητορα
1107 995 1246 1082 δήσω.

353 1103 429 1187 ἔργα
453 1098 560 1186 μόῖιιιν
585 1099 730 1189 atcerte·
754 1105 786 1169 τί
809 1099 869 1188 γάρ
892 1105 1036 1187 πολέμων
1061 1103 1203 1186 βασιλῆι,

351 1206 496 1289 κοίρανος
519 1207 679 1290 {otinas
700 1204 756 1272 καί
780 1201 998 1289 εόπτολέμοισι
1020 1201 1150 1272 κελεύει.

351 1304 408 1374 οὐκ
432 1306 494 1375 αἰεί
515 1305 712 1394 δεράποντες
735 1295 947 1394 ἀριστεύουσιν
975 1305 1134 1396 Ἀἳιηνης

352 1406 507 1497 ὠκόμοροι
528 1407 718 1496 odorato
741 1405 975 1498 ὑποδρηστῆρες
1001 1409 1137 1489 Ἐνυοῦς.

401 1516 488 1599 τοίην
511 1516 668 1602 κοιρανίην
692 1510 910 1600 πρωτόῖιρονος
934 1509 1056 1580 ὤπασεν
1079 1511 1179 1602 Ἥρη,

196 1657 233 1720 ct
258 1648 344 1734 apud
373 1641 553 1714 Lucienum
577 1653 608 1732 (ἕ
634 1653 698 1732 11);
728 1649 765 1736 ἢν
793 1648 852 1738 γάρ
877 1679 933 1738 με,
964 1641 987 1715 ὦ
1012 1648 1110 1738 Πάρι,
1143 1648 1279 1738 δικάσῃς
1303 1649 1380 1718 εἶναι

195 1751 306 1838 καλήν,
332 1750 493 1842 ἁπάσης
517 1759 572 1842 ἕση
596 1758 668 1839 τῆς
694 1753 834 1832 Ἀσίας
857 1750 1065 1840 δεσπότης.

280 1854 428 1920 Minerva
451 1865 558 1920 autem
572 1855 683 1919 Paridi
705 1878 775 1920 sese
790 1857 943 1919 virtutem
960 1855 1107 1919 daturam
1123 1877 1192 1920 esse
1207 1855 1378 1941 pollicetur

194 1958 281 2043 apud
303 1957 488 2023 Colluthur'n
512 1965 543 2026 τ’.
568 1966 629 2030 139
653 1983 736 2046 sqq.:

234 2097 237 2100 “
351 2084 450 2168 δεῦρο,
475 2087 570 2160 τέκος
592 2080 759 2170 Πριάμοιο,
785 2079 856 2160 Διός
878 2078 1064 2168 παράκοιτιν
1089 2079 1189 2157 ἐάσας

348 2185 404 2252 καί
425 2182 583 2270 {rutatum
607 2189 766 2268 βασίλειαν
791 2181 953 2270 ἀτιμήσας
978 2183 1179 2274 Ἀφροδίτην,

347 2285 517 2376 ἠνορέης
542 2292 703 2375 ἐπίκουρον
729 2285 931 2372 ἐπαινήσειας
956 2283 1104 2376 Ἀἳιηνην

350 2395 429 2477 φασί
453 2415 486 2457 σε
510 2396 680 2478 κοιρανέειν
705 2392 760 2459 καί
784 2388 902 2477 Τρώιον
926 2387 1005 2457 άστυ
1031 2388 1212 2476 φυλάσσειν·

349 2490 438 2578 δεῦρό
462 2518 497 2560 σε
519 2498 723 2583 τειρομένοισι
747 2491 914 2561 σαόπτολιν
939 2490 1069 2580 άνδράσι
1090 2491 1193 2580 δήσω,

349 2593 392 2683 μη
416 2601 495 2663 ποτέ
518 2622 565 2665 σοι
588 2595 760 2686 βαρύμηνις
783 2600 965 2684 ἐπιβρίσειεν
993 2594 1104 2664 Ἐνυώ,

349 2702 460 2766 πείῖιεο
484 2701 540 2767 καί
563 2705 776 2786 πολέμουςτε
800 2701 856 2767 καί
878 2697 1046 2786 ηνορέην
1069 2724 1105 2794 σε
1130 2697 1257 2781 διδάξω,

193 2837 334 2922 etapud
348 2835 530 2901 Lueranum
547 2841 648 2920 (ξ
596 2841 663 2914 12
686 2865 790 2924 ηνμε,
801 2829 949 2924 ωΠάρι,
974 2834 1235 2926 δικάσηςκαλην,
1261 2835 1374 2904 οόποτε

190 2967 296 3027 ηττιιν
321 2939 396 3009 άπει
386 2945 457 3009 ιέκ
481 2940 601 3031 μάχης,
632 2938 739 3009 αἰλλΗ
723 2941 772 3008 αεὶ
794 2944 936 3028 κρατῶν
961 2937 1152 3027 πολεμιστὴν
1176 2967 1218 3026 (α
1222 2967 1236 3028 ρ
1262 2965 1296 3008 σε
1320 2943 1375 3008 καί

191 3041 358 3132 νικηφόρον
383 3042 614 3133 ἀπεργάσομαι.

277 3146 429 3233 Denique
452 3147 606 3230 Venus,
638 3135 721 3234 quae
751 3170 770 3211 a
791 3146 910 3211 Pande
934 3146 1096 3212 Ovidiano
1119 3156 1254 3212 vocatur
1277 3170 1375 3211 aurea

193 3254 236 3331 (v.
253 3255 306 3332 35)
322 3289 365 3297 —
381 3251 466 3337 quod
490 3251 657 3338 epitheton
679 3251 755 3314 inde
780 3250 820 3314 ab
836 3249 979 3315 Homero
996 3257 1034 3332 (Γ
1048 3257 1098 3320 64.
1124 3255 1236 3319 uult.
1261 3259 1288 3318 Τ
1301 3255 1373 3320 232.

192 3357 272 3420 314.
295 3357 408 3440 3337)
431 3377 541 3420 omnes
562 3354 631 3419 fere
654 3364 769 3440 poetae
794 3363 826 3416 et
848 3354 959 3438 graeei
982 3363 1015 3417 et
1035 3355 1159 3419 romani
1182 3355 1214 3417 ei
1233 3354 1310 3419 dare
1328 3379 1375 3418 so-

191 3455 273 3538 lent,
303 3496 346 3504 —-
374 3459 478 3524 verba
505 3459 615 3523 facere
643 3458 756 3543 incipit
786 3457 907 3522 dulce
936 3457 1076 3522 ridens
1105 3463 1167 3543 (ep.
1200 3457 1277 3522 XVI
1308 3466 1371 3540 83),

191 3559 278 3645 quod
301 3561 410 3625 lumen
432 3572 544 3648 postea
567 3562 662 3626 Silius
684 3560 816 3625 Italicus
840 3561 957 3647 cupide
981 3561 1115 3646 arripuit
1129 3559 1194 3624 VH
1208 3565 1272 3630 466
1288 3586 1370 3648 squ:

789 3686 960 3767 ‘postrema
981 3682 1098 3746 nitenti

344 3785 463 3849 affulsit
484 3785 577 3850 vultu
598 3786 707 3850 ridens
730 3785 856 3849 Venus:
881 3785 987 3849 omnia
1010 3786 1098 3849 circa

344 3899 377 3953 et
399 3910 531 3953 nemora
554 3898 587 3953 et
608 3890 735 3976 penitus
756 3888 913 3953 frondosis
935 3888 1068 3974 rupibus
1091 3897 1183 3950 antra

343 3993 517 4077 spirantem
540 4015 631 4057 sacro
654 4001 824 4056 traxerunt
845 3992 969 4055 vertice
994 3990 1144 4056 odorem’.

190 4127 369 4194 Subridens
406 4140 513 4194 autem
548 4131 673 4213 Venus,
712 4131 770 4194 etsi
804 4130 867 4193 iam
900 4129 934 4192 in
966 4128 1069 4193 Iliade
1104 4127 1185 4192 solet
1218 4127 1370 4212 appellari

191 4232 399 4320 φιλομμειδης
419 4239 458 4316 (Γ
471 4239 544 4302 424.
570 4243 655 4304 ΔῙΟ.
679 4238 804 4314 Ε375),
827 4242 899 4319 post
913 4232 1091 4296 Homerum
1114 4241 1224 4295 tamen
1246 4253 1373 4314 semper

189 4336 259 4399 fere
289 4336 366 4421 fingi
397 4336 542 4419 videtur,
572 4337 627 4401 ubi
651 4336 729 4401 alios
752 4347 914 4422 tamquam
938 4358 997 4422 per
1019 4335 1128 4399 dolum
1150 4375 1193 4384 -
1217 4344 1264 4398 est
1288 4336 1371 4396 enini

1184 4440 1218 4492 5*
