3214 4854
665 292 884 356 ...49-

183 468 244 522 est:
269 469 366 544 atque
389 482 462 522 curn
486 459 528 522 ad
544 458 639 520 Ennii
655 457 805 521 Medeam
827 467 882 520 aut
898 457 940 520 ad
955 457 1088 520 Medum
1104 457 1237 520 Pacuvii
1254 457 1366 520 referri

180 585 245 624 non
274 561 387 644 liceat,
411 563 444 625 in
466 563 578 625 Accii
600 561 736 626 Medea
764 560 871 623 locum
901 561 1041 623 tonuisse
1071 560 1223 624 Ribbeck
1246 561 1366 654 optimo

182 664 253 727 iure
277 665 443 728 contendit
467 663 652 751 (‘Tragoed.
676 663 764 728 rom!
787 686 817 748 p.
841 663 929 750 535).

268 767 333 833 Sed
356 767 515 854 quomodo
538 790 650 831 versus
673 767 703 830 ei
726 766 856 830 fabulae
870 767 1051 853 interpositi
1065 768 1196 848 fuerint,
1219 789 1283 830 non
1298 766 1367 830 sine

183 870 289 956 aliqua
305 871 497 935 difficultate
514 871 816 955 diiudicaripotest.
839 870 913 956 Ipse
929 869 1080 934 Ribbeck
1096 870 1260 956 scrupulos
1275 870 1367 934 nobis

183 973 392 1060 adempturus
415 985 464 1038 est
486 974 547 1037 hac
572 974 758 1059 quaestione
775 975 934 1038 instituta:
959 975 1140 1061 suspicatur
1155 973 1189 1060 (l.
1205 974 1226 1037 l.
1242 997 1273 1059 p.
1290 973 1367 1056 534)

182 1086 311 1162 poetam
342 1077 422 1140 duos
450 1078 583 1141 finxisse
606 1077 732 1148 Aeetae
762 1077 859 1161 filios3
887 1099 1024 1164 quorum
1051 1077 1189 1141 alterum
1211 1078 1367 1141 minorem

181 1201 287 1266 neque
320 1203 362 1244 ex
393 1181 507 1245 eadem
539 1190 641 1244 matre
668 1192 779 1244 natum
806 1202 826 1242 a
848 1203 956 1244 sorore
981 1181 1159 1246 abductum
1183 1190 1215 1244 et
1236 1180 1269 1242 in
1291 1179 1369 1262 fuga

182 1282 390 1348 interfectum
404 1323 448 1332 —
458 1295 495 1346 ut
509 1283 577 1347 fere
589 1283 802 1369 Pherecydes
819 1293 852 1348 et
865 1282 1001 1348 Ovidius
1017 1283 1148 1348 tradunt
1159 1324 1211 1365 —-,
1230 1282 1369 1346 alterum

182 1386 337 1453 maiorem
364 1387 570 1471 Argonautas
600 1397 748 1451 secutum
777 1397 811 1451 et
840 1387 881 1452 ab
903 1386 1018 1453 Iasone
1049 1388 1191 1452 occisum
1222 1408 1305 1466 esse,
1335 1385 1370 1448 id

183 1489 270 1573 quod
283 1489 473 1575 Apollonius
496 1502 616 1554 narrat.
653 1491 724 1554 Nec
748 1501 857 1554 tamen
879 1502 1027 1555 veterum
1048 1492 1215 1577 quisquam
1232 1500 1290 1570 est,
1315 1491 1369 1574 qui

182 1591 216 1654 id
243 1603 390 1656 testetur.
436 1592 521 1657 Nam
544 1615 561 1656 e
584 1593 693 1658 verbis
716 1593 925 1676 scholiastae,
957 1595 1012 1680 qui
1033 1594 1158 1659 Aeetae
1181 1593 1283 1656 filium
1306 1603 1369 1655 non

181 1695 377 1782 Apsyrturn,
409 1697 468 1762 sed
497 1696 733 1783 Metapontium
764 1719 783 1760 a
811 1697 1020 1782 Dicaeogene
1049 1698 1083 1760 in
1112 1697 1233 1760 Medea
1260 1694 1370 1759 fabula

181 1801 381 1863 nominatum
405 1823 474 1864 esse
492 1800 533 1863 ad
548 1799 625 1864 Eur.
641 1800 729 1864 Med.
747 1806 807 1868 167
825 1801 967 1881 adnotat,
990 1800 1071 1864 nihil
1087 1800 1173 1864 effici
1187 1799 1370 1886 putaverim

182 1903 243 1966 nisi
259 1903 447 1989 Apsyrtum,
470 1927 571 1967 unum
587 1903 712 1968 Aeetae
734 1903 846 1985 filium,
870 1905 903 1967 in
925 1903 981 1967 illa
1004 1903 1114 1967 fabula
1136 1903 1198 1967 alio
1223 1926 1261 1966 ac
1278 1901 1369 1966 solito

182 2007 311 2072 nomine
342 2007 540 2094 appellatum
569 2029 638 2070 esse
661 2047 703 2054 -
726 2007 780 2092 qui
807 2019 916 2070 utrum
938 2006 1058 2070 Medea
1079 2007 1181 2069 maior
1203 2028 1245 2070 an
1267 2005 1370 2068 minor

182 2121 262 2174 natu
283 2111 391 2194 fuerit,
414 2112 449 2173 in
472 2111 570 2174 dubio
593 2110 785 2196 relinquitur
799 2150 851 2192 —,
875 2111 959 2174 sicut
982 2109 1022 2174 ab
1046 2109 1115 2174 aliis
1131 2132 1257 2196 quoque
1273 2109 1370 2194 scrip-

182 2213 305 2278 toribus
320 2213 455 2299 Apsyrti
470 2235 589 2278 nomen
604 2224 763 2277 mutatum
780 2236 849 2277 esse
867 2223 1001 2278 constat.
1014 2216 1038 2299 1)
1071 2213 1266 2299 Sophoclem
1281 2234 1369 2293 vero,

184 2318 275 2380 ouius
304 2317 443 2400 vestigia
465 2316 604 2380 Accium
633 2319 667 2381 in
689 2316 808 2380 Medea
834 2319 986 2402 pressisse
1010 2316 1162 2381 Ribbeck
1185 2315 1369 2396 arbitratur,

182 2420 216 2484 in
231 2419 364 2505 Scythis
387 2419 498 2484 fabula
521 2421 604 2484 duos
623 2419 789 2484 induxisse
806 2420 931 2487 Aeetae
954 2421 1036 2485 filios
1059 2444 1120 2486 nec
1141 2430 1273 2506 propter
1287 2419 1370 2502 frag-

183 2532 364 2587 mentorum
387 2524 578 2588 tenuitatem
602 2525 677 2589 satis
701 2533 790 2589 certe
814 2525 968 2589 contendi
989 2534 1094 2610 potest
1114 2533 1155 2605 et,
1173 2524 1205 2586 si
1226 2523 1272 2587 eis
1287 2514 1369 2608 quae

183 2625 225 2690 de
264 2627 332 2690 eius
370 2627 499 2691 fabulae
533 2638 724 2712 argumento
758 2628 934 2694 instaurato
968 2627 1127 2692 Welcker
1159 2625 1371 2712 probabiliter

185 2729 334 2794 disseruit
357 2731 478 2818 (Mrag.
503 2732 622 2815 graec!
637 2755 668 2816 p.
685 2735 746 2800 337
764 2732 856 2819 sqq.)‚
881 2733 1081 2814 assentimur,
1105 2753 1218 2816 parum
1241 2728 1370 2792 videtur

184 2833 352 2898 credibile.
389 2833 422 2896 Is
444 2835 531 2898 enim
554 2833 595 2898 de
611 2835 753 2922 Apsyrto
777 2845 902 2914 tantum
924 2835 1059 2921 puerulo
1083 2857 1102 2897 a
1123 2856 1230 2898 sorore
1253 2842 1369 2896 necato

184 2937 306 3021 cogitat
327 2937 410 3001 haec
426 2937 602 3023 professus:
628 2938 701 3002 ‘Die
717 2938 952 3024 Auflo'sung
966 2961 1034 3004 war
1048 2936 1369 3020 notwendigerweise

183 3040 471 3105 verschieden
504 3064 581 3106 von
616 3041 687 3105 der
716 3043 786 3107 des
815 3043 1079 3128 Apollonius,
1114 3064 1163 3105 wo
1193 3041 1287 3103 Iason
1318 3039 1370 3102 die

183 3143 303 3206 Medea
332 3145 431 3208 sofort
459 3145 630 3229 beruhigt,
660 3141 771 3211 indem
801 3170 836 3210 er
863 3146 914 3210 ihr
942 3145 1114 3226 entdeckt‚
1147 3143 1218 3206 dass
1242 3143 1288 3206 sie
1310 3163 1371 3205 nur

183 3247 354 3312 Aufschub
384 3247 450 3313 und
474 3247 673 3333 T'auschung
703 3249 759 3314 des
772 3251 923 3338 Feindes
945 3249 1208 3332 beabsichtigen,
1239 3245 1311 3309 dass
1332 3248 1370 3306 'er

184 3351 249 3414 den
271 3351 438 3415 Anffihrer
460 3351 493 3438 (i.
518 3374 546 3414 e.
569 3351 763 3440 Apsyrtum)
787 3377 843 3419 aus
867 3353 943 3418 dem
965 3354 1071 3437 Wege
1095 3375 1136 3416 zu
1158 3359 1294 3414 raumen
1317 3369 1370 3431 ge-

184 3453 304 3536 denke,
328 3453 413 3518 ohne
437 3454 500 3518 den
523 3456 635 3519 weder
658 3456 710 3521 die
726 3457 899 3542 Verfolger
920 3459 1006 3523 noch
1030 3456 1082 3519 die
1099 3452 1297 3519 Umwohner
1317 3449 1370 3514 die

184 3558 395 3643 Argonauten
420 3558 588 3642 angreifen
611 3561 755 3643 werden,
779 3601 823 3608 -
837 3562 904 3626 und
919 3561 1038 3625 Medea
1060 3561 1101 3623 ist
1124 3559 1210 3622 denn
1226 3554 1370 3640 segleioh

184 3684 242 3725 zur
257 3661 427 3726 Hinterlist
449 3683 557 3745 gegen
572 3662 733 3749 Apsyrtus
756 3664 871 3747 bereit‚
896 3665 1011 3729 dessen
1027 3663 1233 3744 erordung
1256 3658 1370 3742 gewiss

184 3764 300 3828 nicht
322 3763 541 3850 glt‘rcklich
565 3766 624 3829 auf
643 3766 731 3831 diese
755 3769 816 3832 Art
839 3769 966 3853 verlegt
988 3767 1047 3832 ist'.
1083 3766 1176 3844 Quae
1199 3760 1370 3828 Welckeri

183 3869 345 3932 sententia
372 3867 470 3933 multo
501 3868 538 3931 fit
568 3870 638 3933 veri
668 3870 801 3934 similior
831 3894 882 3953 eo,
914 3871 1000 3957 quod
1030 3880 1159 3956 praeter
1180 3865 1369 3931 memoriam

274 4093 292 4156 Ι)
311 4094 453 4161 Aegialsus
471 4101 582 4148 vocatur
600 4111 616 4148 a
634 4097 734 4162 tragico
754 4095 866 4164 quodam
886 4080 965 4165 poeta
982 4097 1065 4150 latino
1084 4096 1146 4162 (inc.
1165 4097 1215 4148 ino.
1235 4091 1287 4144 sab.
1307 4090 1368 4156 lgm.

184 4177 302 4232 LXXIX
321 4179 353 4246 R)
374 4187 401 4233 et
418 4179 536 4234 Diodoro
555 4178 604 4247 (IV
621 4180 666 4248 45)
685 4190 711 4234 et
729 4180 831 4236 Iustino
850 4181 938 4249 (XLII
956 4181 994 4249 3),
1019 4200 1035 4236 a
1054 4183 1207 4235 'limonacte
1227 4177 1268 4246 (cf.
1289 4176 1368 4230 schol.

184 4265 234 4334 Ap.
262 4265 312 4319 Rh.
335 4266 378 4319 IlI
406 4267 484 4334 laet)
509 4265 660 4332 Phaethon,
690 4269 758 4336 quod
786 4285 881 4322 nomen
910 4267 1050 4336 Apollonio
1077 4283 1180 4336 quoque
1207 4272 1297 4318 notum
1321 4261 1370 4314 luit

183 4349 237 4418 (III
256 4354 322 4405 1‘236
342 4353 398 4408 coll.
418 4354 467 4405 ι241
488 4353 562 4420 squ).

1198 4442 1216 4493 4
