3214 4854
735 332 949 398 *33-

245 513 278 566 et
300 502 447 566 similiter
470 501 557 588 apud
571 500 788 587 Apollonium,
812 511 1039 586 praeterquam
1063 500 1149 586 quod
1167 498 1331 564 laboribus
1348 523 1437 564 man-

247 607 331 670 datis
353 605 417 670 iam
440 604 629 692 perfunctus
652 603 707 667 illa
729 603 851 692 profert
873 603 920 667 IV
943 607 984 673 95
1007 626 1090 690 sqq:

400 746 556 830 δαιμονίη,
582 741 664 823 Ζευς
688 739 784 822 αὐτὸς
801 739 978 828 Ὀλύμπιος
999 740 1107 831 ’ὁρκιος
1131 747 1221 826 ἔστω,

393 844 491 934 Ἥρη
514 873 554 914 τε
578 850 711 934 Ζυγίη,
738 844 808 925 Διὸς
831 845 958 928 εὐνέτις,
983 836 1002 935 ἦ
1028 848 1083 933 μὲν
1108 851 1225 934 ἐμοῖσιν

400 953 557 1037 κουριδίην
582 973 616 1017 σε
640 947 779 1036 δόμοισιν
804 947 1028 1037 ἐνιστήσεσδαι
1052 947 1185 1028 ἄκοιτιν,

345 1055 348 1064 '
401 1043 463 1122 εὖτ’
486 1051 523 1120 dir
548 1056 581 1132 ἐς
606 1049 755 1120 Ἐλλάδα
778 1065 871 1138 γαῖαν
895 1049 1045 1138 induebat
1067 1052 1292 1144 νοστήσαντες.

330 1190 482 1275 Denique
506 1211 579 1253 cum
603 1190 659 1270 eis,
682 1211 765 1275 quae
789 1189 875 1276 apud
891 1188 1046 1254 Ovidium
1061 1189 1180 1257 Medea
1198 1190 1426 1277 pollicitatione

245 1295 368 1358 Iasonis
390 1291 502 1357 audita
525 1293 666 1379 disputat
689 1317 719 1357 v.
743 1299 784 1363 89
807 1316 888 1379 sqq:

312 1413 404 1479 ‘haec
420 1413 563 1478 animum
577 1451 619 1460 —-
636 1425 669 1477 et
684 1424 782 1500 quota
798 1436 872 1500 pars
887 1413 969 1479 haec
986 1415 1083 1480 sunt?
1099 1454 1140 1465 -
1156 1437 1288 1480 movere
1303 1413 1428 1500 puellae

376 1516 529 1603 simplicis
553 1527 587 1581 et
609 1514 774 1581 dextrae
798 1517 962 1582 dextera
982 1519 1119 1583 iuncta
1141 1541 1257 1583 meae.

311 1619 379 1685 vidi
403 1620 500 1684 etiam
524 1619 689 1685 lacrimas:
714 1643 756 1684 an
779 1631 812 1686 et
835 1643 887 1684 ars
899 1621 924 1707 ¹)
948 1633 997 1686 est
1018 1622 1140 1686 fraudis
1163 1622 1196 1686 in
1217 1620 1304 1686 illis?

377 1723 423 1788 sio
447 1724 510 1789 cito
534 1746 603 1787 sum
626 1723 735 1788 verbis
759 1735 854 1812 capta
875 1725 984 1812 puella
1007 1726 1088 1808 tuis',

248 1861 387 1926 conferri
413 1835 498 1928 licet¹
513 1861 676 1949 Apollonii
699 1863 805 1927 varios
827 1862 931 1945 locos,
962 1863 1052 1929 velut
1074 1865 1122 1929 IV
1144 1871 1186 1934 99
1210 1862 1264 1946 (de
1287 1863 1429 1948 iasone):

286 1980 328 2062 ὃς
350 1980 433 2071 ηὔδα
456 1985 512 2053 καὶ
535 1995 642 2071 χεῖρα
666 1983 901 2072 παρασχεδὸν
924 1983 1040 2074 ἤραρε
1063 1987 1159 2074 χειρί
1182 1982 1394 2072 δεξιτερήν,

249 2131 282 2186 et
304 2121 354 2184 ΠΙ
378 2125 462 2190 1140
484 2142 530 2206 eq.
554 2119 609 2207 (de
632 2119 779 2208 Medea):
1014 2214 1022 2233 ,
1177 2208 1183 2228 ν
1245 2212 1255 2236 e

984 2235 1118 2299 τερτετο
1141 2235 1203 2297 γαρ
1227 2236 1255 2278 οι

424 2308 530 2398 {topic
554 2308 639 2399 ὁμῶς
662 2315 787 2400 μορφῆς
809 2340 845 2382 τε
869 2314 925 2382 καί
949 2315 1120 2398 αἱμυλίοισι
1139 2311 1257 2399 λόγοισι

720 2475 722 2480 ι
803 2415 1051 2501 (audovera.
1078 2421 1170 2486 moa.
1196 2421 1288 2486 noa
1315 2414 1431 2501 ναι).

248 2552 319 2616 Nec
353 2562 462 2616 tamen
495 2573 639 2637 usquam¹
664 2573 683 2614 a
716 2562 812 2639 poeta
846 2575 965 2638 graeco
995 2555 1133 2620 traditur
1161 2554 1256 2619 Iason
1285 2553 1432 2618 lacrimas

251 2655 411 2737 effudisse,
435 2655 585 2741 quoniam
607 2653 697 2718 illum
721 2678 849 2743 semper
864 2658 898 2722 id
914 2669 1073 2744 spectare,
1096 2670 1132 2723 ut
1148 2659 1295 2723 Iasonem
1311 2677 1432 2721 summa

250 2758 343 2826 ducis
372 2758 551 2823 constantia
581 2780 619 2823 ac
649 2759 787 2841 virtute,
818 2784 883 2826 non
906 2763 1058 2826 amatoris
1081 2761 1168 2827 molli
1191 2761 1321 2846 ingenio
1344 2781 1433 2846 prae·

250 2863 353 2926 ditum
377 2861 510 2946 effingat
517 2912 526 2944 ,
555 2863 619 2925 iam
644 2884 687 2927 ex
709 2862 913 2952 Hypsipylae
937 2865 1070 2930 historia
1094 2865 1275 2929 didicimus.
1319 2864 1432 2948 Itaque

251 2963 405 3029 Ovidium
427 2965 509 3030 illud
532 2967 573 3031 de
589 2990 645 3032 suo
661 2966 825 3031 addidisse
849 2968 1007 3032 credibile
1024 2979 1081 3050 est,
1106 2991 1167 3056 quo
1185 2969 1286 3053 magis
1302 2967 1432 3032 anxium

250 3066 491 3155 supplicemque
514 3069 663 3135 Iasonem
686 3072 841 3136 redderet
865 3082 898 3136 et
912 3070 1065 3136 Medeam
1088 3072 1263 3136 maioribus
1284 3069 1433 3134 laudibus

250 3171 365 3236 merita
388 3193 445 3235 sua
467 3172 592 3238 faceret
613 3175 868 3261 praedicantem.

336 3274 453 3340 Studet
481 3299 559 3341 vero
586 3288 699 3363 poeta,
731 3279 791 3342 etsi
814 3279 946 3360 consilio
969 3279 1018 3343 rei
1040 3279 1202 3344 rhetorice
1227 3276 1433 3344 exornandae

251 3378 348 3442 nimio
377 3377 529 3443 inductus
559 3380 662 3445 altera
693 3403 736 3445 ex
764 3393 857 3469 parte
887 3383 1004 3446 nimius
1032 3382 1101 3446 fere
1132 3393 1180 3447 est
1209 3422 1252 3432 —
1279 3380 1382 3446 veluti
1402 3381 1435 3442 in

251 3480 373 3544 Iasonis
396 3481 505 3545 verbis
527 3484 729 3569 proferendis
751 3523 809 3568 -,
833 3496 955 3550 utnon
978 3486 1046 3550 sine
1069 3485 1134 3550 ullo
1157 3486 1227 3550 iure
1250 3485 1315 3549 dici
1338 3484 1435 3572 possit

253 3583 413 3666 garrulus,
444 3607 488 3650 ex
510 3585 613 3651 altera
635 3598 745 3653 tamen
768 3599 876 3654 tantae
900 3588 1067 3671 brevitati,
1091 3600 1128 3653 ut
1150 3588 1309 3677 quaedam
1332 3609 1434 3675 paene

252 3686 379 3750 silentio
408 3699 606 3774 praetereat:
637 3691 724 3777 quod
751 3715 847 3778 quam
873 3715 987 3757 verum
1011 3694 1066 3774 sit,
1094 3693 1192 3756 etiam
1216 3715 1258 3756 ex
1280 3691 1434 3756 hocloco

252 3790 329 3854 satis
350 3789 388 3880 fit
410 3793 625 3878 perspicuum,
649 3795 706 3859 ubi
720 3796 839 3860 Medea
861 3796 983 3861 nullum
1006 3797 1085 3861 facit
1106 3795 1243 3860 verbum
1268 3795 1309 3859 de
1327 3794 1435 3860 herbis

253 3893 408 3958 veneficis
424 3894 530 3959 Iasoni
553 3897 653 3982 datis3
677 3899 735 3963 sed
750 3899 828 3986 quid
844 3899 1011 3981 acciderit,
1035 3899 1190 3986 suspicari
1205 3909 1330 3963 tantum
1346 3898 1436 3963 nobis

253 3996 330 4062 licet
352 3997 438 4080 inde,
463 3997 549 4084 quod
572 4001 697 4067 iuvenis
716 4004 869 4091 precibus
885 4014 918 4068 et
932 4002 1095 4089 promissis
1111 4013 1206 4090 capta
1222 4023 1292 4066 esse
1309 4001 1435 4067 dicitur.

253 4100 367 4187 Itaque
398 4100 452 4166 hic
479 4102 522 4166 ad
544 4115 674 4170 metam.
697 4128 902 4172 recurramus
925 4128 1058 4170 necesse
1082 4117 1139 4171 est.
1186 4105 1306 4170 Versus
1329 4115 1436 4170 autem

339 4309 360 4376 ¹)
379 4308 461 4364 Plane
479 4312 654 4380 astipulamur
671 4313 849 4382 Sedlmaycm,
870 4315 914 4383 qui
933 4315 1001 4368 hanc
1020 4314 1232 4368 emendationem
1249 4331 1299 4382 pro
1318 4313 1437 4368 codicum

254 4396 367 4450 lectione
386 4399 427 4449 ‘an
447 4397 516 4463 pars'
535 4401 689 4466 proposuit·
