3214 4854
672 358 886 421 „53-

187 547 260 590 cum
283 524 378 588 Accii
400 524 477 608 fgm.
497 545 532 588 v.
556 530 575 592 3
598 547 684 610 sqq.:

231 653 376 732 ‘puerum
400 645 526 710 interea
548 644 721 709 obtruncat
743 645 954 731 membraque
977 645 1172 711 articulatim
1196 647 1311 712 dividit

229 769 372 836 perque
396 770 505 832 agros
527 749 645 834 passim
668 747 861 834 dispergit
884 751 1050 835 corpus¹):
1073 750 1108 813 id
1131 772 1171 814 ea
1193 752 1307 836 gratia,

229 864 275 936 ut,
299 852 383 917 dum
406 851 486 915 nati
509 850 726 938 dissupatos
749 861 854 916 artus
877 862 1054 939 captaret
1075 876 1226 938 parens,

229 959 299 1044 ipsa
318 957 442 1020 interea
463 955 631 1041 effugeret,
654 955 761 1020 illum
783 964 823 1019 ut
846 978 993 1020 maeror
1016 956 1191 1022 tardaret
1214 958 1371 1045 sequi’.²)

273 1110 379 1190 Quam
403 1110 623 1174 coniecturam
645 1109 847 1195 probabilem
871 1133 941 1174 esse
962 1134 1000 1176 eo
1014 1111 1167 1177 libentius
1184 1113 1282 1178 credo
1299 1136 1371 1178 con-

187 1215 295 1297 cedes,
312 1216 338 1278 si
352 1225 483 1301 praeter
495 1212 649 1278 Ovidium
661 1214 834 1296 neminem,
850 1224 1005 1300 quantum
1016 1214 1143 1299 scimus,
1160 1218 1222 1280 nisi
1232 1216 1370 1281 Accium

186 1318 313 1405 pueruli
336 1317 482 1382 membra
503 1339 577 1402 per
599 1338 719 1401 agros
742 1317 885 1403 dispergi
907 1318 1030 1403 fingere
1047 1321 1259 1405 reputaveris.
1293 1320 1370 1385 Ovi-

188 1422 276 1486 dium
299 1420 434 1486 veroid
457 1441 584 1506 quoque
608 1419 784 1506 exemplar,
809 1444 826 1485 e
850 1444 912 1507 quo
927 1421 1049 1486 Accius
1064 1445 1121 1486 sua
1136 1425 1279 1510 sumpsit,
1302 1425 1371 1489 sive

187 1526 248 1591 fuit
269 1524 485 1610 Sophocleum
508 1524 576 1587 sive
600 1522 697 1605 aliud,
720 1525 901 1610 inspexisse
925 1536 1175 1592 consentaneum
1199 1539 1257 1592 est.

275 1628 340 1693 Sed
370 1626 473 1692 altera
501 1637 602 1692 restat
630 1628 775 1713 quaestio
804 1627 1001 1692 instituenda
1031 1631 1068 1693 de
1097 1633 1194 1711 aetio,
1223 1656 1283 1716 pao
1314 1632 1372 1696 To-

188 1757 309 1796 mos-am
337 1735 474 1796 nominas
500 1734 587 1816 oripo
608 1731 802 1816 sapiaentia)
833 1730 919 1817 quod
942 1730 1079 1796 Ovidius
1101 1733 1231 1798 fabulae
1253 1733 1299 1798 illi
1323 1735 1372 1799 his

187 1835 298 1900 verbis
320 1835 486 1919 subiungit
507 1859 538 1898 v.
562 1840 582 1904 5
605 1857 667 1920 sq.:

317 1973 385 2038 ‘sed
406 1981 502 2037 vetus
523 1971 600 2036 huic
623 1995 742 2038 nomen
763 1972 967 2058 positumque
989 1974 1150 2060 antiquius
1172 1974 1254 2039 urbe

437 2085 562 2140 constat
584 2075 626 2140 ab
649 2076 783 2162 Apsyrti
806 2076 908 2140 caede
930 2075 1028 2142 hiisse
1041 2077 1130 2143 'loco'

188 2191 221 2244 et
243 2203 274 2244 v.
298 2187 340 2250 33
362 2203 423 2266 sq.:

317 2284 403 2348 ‘inde
426 2282 536 2348 Tomis
559 2283 664 2348 dictus
686 2283 776 2348 locus
798 2283 863 2365 hic,
888 2284 963 2369 quia
984 2284 1087 2348 fertur
1109 2286 1142 2350 in
1164 2286 1218 2351 illo

384 2455 394 2470 .
436 2387 582 2452 membra
605 2410 694 2452 soror
715 2386 822 2452 fratris
845 2387 1047 2453 consecuisse
1070 2387 1137 2452 sui’.

186 2526 287 2590 Aetia
309 2535 433 2609 autem,
457 2535 494 2590 ut
515 2526 578 2590 hoe
600 2536 865 2612 praemoneatur,
888 2525 1021 2610 Apsyrti
1046 2535 1149 2591 morte
1173 2528 1291 2592 effecta
1313 2551 1378 2592 me-

187 2640 354 2694 morantur
383 2628 460 2692 duo:
491 2627 546 2691 alii
569 2630 759 2714 scriptorem
790 2630 846 2714 qui
867 2627 957 2692 illum
980 2630 1134 2694 maiorem
1156 2630 1277 2694 Medea
1299 2642 1378 2695 natu

188 2742 221 2798 et
242 2733 447 2816 Argonautas
476 2733 690 2797 insectantem
713 2731 887 2814 inducunt,
916 2732 1040 2814 locum,
1070 2733 1127 2797 ubi
1151 2734 1269 2798 caedes
1291 2734 1378 2798 faeta

189 2847 251 2919 est,
274 2837 403 2900 nomine
427 2835 468 2899 ab
492 2835 634 2921 Apsyrto
656 2836 724 2920 ipso
749 2835 846 2901 ducto
870 2834 1067 2921 appellatum
1091 2858 1160 2900 esse
1184 2836 1297 2902 dicunt
1321 2838 1376 2924 (cf.

188 2941 252 3026 Ap.
268 2939 329 3004 Rh.
347 2938 395 3002 IV
409 2945 483 3009 481.
507 2937 596 3024 Hyg.
610 2939 675 3003 fab.
688 2943 739 3007 23.
749 2939 774 3026 ³)
787 2944 839 3008 26.
862 2939 975 3024 Steph.
988 2939 1067 3024 Byz.
1080 2963 1104 3004 s.
1117 2963 1148 3003 v.
1157 2939 1377 3030 Ἀψυρτίδες);

274 3183 297 3248 1)
315 3182 417 3237 Eadem
436 3184 518 3238 verba
536 3182 646 3238 Ovidius
665 3189 776 3251 usurpat
796 3199 837 3250 ep.
861 3183 897 3236 Vl
918 3183 968 3236 129
988 3199 1025 3250 sq.
1046 3179 1088 3250 (cf.
1110 3182 1148 3236 Ib.
1167 3181 1240 3246 433).

275 3285 296 3354 ²)
314 3286 401 3340 Huius
419 3288 471 3341 loci
490 3287 583 3341 Cicero
602 3286 707 3340 videtur
725 3287 821 3340 iterum
839 3286 999 3350 meminisse,
1018 3303 1078 3339 cum
1096 3286 1123 3340 in
1142 3288 1261 3341 oratione
1281 3289 1313 3342 de
1331 3291 1379 3343 im·

189 3375 263 3441 perio
283 3371 330 3427 Cn.
349 3373 460 3441 Pompei
485 3374 578 3428 habita
600 3374 666 3427 haec
685 3373 757 3426 dicat
775 3371 816 3441 (9,
843 3370 900 3440 Ml:
926 3373 970 3425 ‘er
988 3389 1035 3426 suo
1053 3388 1135 3440 regno
1154 3373 1193 3427 sic
1210 3374 1381 3430 Mithridates

188 3458 320 3528 profugit,
345 3467 374 3514 ut
399 3476 432 3513 ex
454 3459 547 3514 eodem
565 3459 651 3513 Ponto
669 3459 766 3512 Medea
784 3459 830 3513 illa
850 3459 983 3528 quondam
1000 3458 1149 3527 profugisse
1169 3459 1278 3526 dicitur,
1303 3477 1381 3530 quam

189 3545 347 3613 praedicant
365 3547 393 3599 in
411 3545 475 3614 iuga
485 3545 577 3600 fratris
590 3545 631 3598 sui
644 3545 762 3599 membra
775 3546 802 3598 in
817 3546 855 3598 eis
867 3545 941 3609 locis,
961 3561 1012 3612 qua
1025 3561 1053 3598 se
1065 3560 1165 3612 parens
1177 3552 1382 3615 persequeretur

190 3632 372 3701 dissipatrices,
391 3639 421 3684 ut
439 3648 529 3686 eorum
547 3631 669 3687 collectio
688 3631 811 3700 dispersa
829 3647 985 3698 maerorque
998 3631 1102 3699 patrius
1115 3631 1277 3686 celeritatem
1290 3648 1380 3700 perse-

190 3717 289 3786 quendi
308 3717 476 3773 retardaret'.

275 3819 297 3889 ³)
315 3821 357 3875 De
375 3837 407 3876 ea
422 3821 512 3875 fabula
524 3823 590 3875 haec
603 3821 728 3876 videntur
740 3819 906 3875 adnotanda:
927 3820 994 3876 duae
1008 3823 1065 3876 eius
1078 3829 1140 3876 sunt
1152 3825 1252 3890 partes,
1271 3837 1382 3890 quarum

190 3907 275 3960 altera
287 3922 330 3961 res
343 3909 377 3961 ab
387 3907 549 3975 Argonautis
561 3907 632 3975 apud
642 3905 778 3961 Phaeaces
790 3912 883 3974 gestae
895 3915 1046 3974 narrantur,
1060 3909 1146 3962 altera
1155 3909 1264 3976 Apsyrti
1278 3907 1381 3963 caedes,

190 3992 246 4047 Has
265 3998 362 4058 autem,
382 3994 443 4062 quia
455 3994 624 4062 Argonautas
643 4009 695 4047 non
714 3999 784 4058 ante,
804 3992 851 4047 sed
869 3999 931 4062 post
943 3994 1053 4062 Apsyrti
1071 3998 1182 4048 mortem
1201 3993 1235 4046 ad
1248 3993 1383 4048 Phaeaces

191 4079 295 4133 venisse
313 4084 431 4144 constat,
450 4086 552 4134 temere
571 4087 694 4134 consutas
712 4095 797 4146 neque
816 4096 850 4132 ex
869 4095 920 4133 uno
940 4079 1084 4148 eodemque
1102 4079 1176 4134 fonte
1196 4080 1305 4134 haustas
1324 4095 1383 4134 esse

189 4170 311 4234 apparet.
349 4165 452 4220 Fabula
475 4166 556 4234 igitur
579 4167 726 4234 posteriore
744 4164 801 4218 loco
821 4166 963 4233 posita-
982 4166 1044 4220 inde
1063 4182 1079 4220 a
1096 4167 1185 4220 verbis
1203 4165 1383 4220 ‘nihilominus

191 4269 251 4306 cum
268 4251 381 4319 profecti
400 4251 496 4305 essent'
517 4267 570 4319 eqs.
583 4283 616 4291 -
629 4252 721 4320 procul
733 4251 821 4304 dubio
839 4268 873 4305 ex
886 4250 1020 4319 Apollonii
1037 4259 1159 4320 poemate
1172 4252 1223 4318 (lv
1236 4252 1386 4321 303-515)

190 4339 277 4405 petita
295 4347 348 4400 est;
371 4344 464 4392 eontra
481 4339 570 4406 priore
589 4339 647 4391 loco
665 4338 781 4406 positam
800 4354 814 4391 e
833 4337 971 4404 tragoedia
989 4337 1102 4405 quadam
1122 4338 1308 4406 depromptam
1327 4354 1384 4393 esse

191 4423 309 4480 arbitror
328 4439 385 4478 cunr
398 4423 548 4489 Welclrem,
567 4425 612 4494 qui
630 4423 697 4478 haec
715 4422 781 4476 dicit
798 4422 815 4476 l.
829 4423 846 4476 l.
858 4439 885 4492 p.
898 4422 948 4476 339
962 4440 1014 4492 sq.:
1035 4424 1110 4478 ‘Eine
1123 4423 1320 4492 Nachahmung
1339 4425 1385 4478 der
