3214 4854
699 322 914 384 ,(1...

210 489 291 572 Arg.
309 486 411 573 Orph.
428 489 515 574 476),
542 487 627 575 apud
651 488 806 553 Ovidium
828 498 963 574 apparet
986 513 1004 554 e
1027 491 1147 572 verbis,
1171 490 1286 577 quibus
1302 491 1397 556 Lem-

211 613 286 654 num
311 614 370 654 sua
393 587 495 674 regna
517 601 614 656 vocat
638 591 681 679 (v.
705 597 735 660 5.
759 591 843 656 adde
867 593 938 658 fast.
961 593 1012 658 HI
1035 594 1109 683 62).Ι

296 694 396 758 Brevi
426 703 534 758 autem
565 704 734 781 postquam
765 697 907 761 virorum
931 695 1049 762 caedes
1072 706 1207 762 cruenta
1229 697 1315 762 facta
1338 707 1395 781 est,

212 801 244 862 in
259 799 398 862 abactam.
413 799 618 884 Argonautae
632 812 790 864 venerant.
826 799 924 882 Quos,
949 800 1141 886 simulatque
1156 801 1246 885 Argo
1263 801 1397 886 appulsa

211 911 269 984 est,
294 902 380 966 omni
403 901 498 966 modo
522 901 564 964 ab
587 901 668 966 urbe
687 901 874 967 retinendos
891 925 961 968 esse
976 903 1089 988 regina
1105 914 1286 986 censuerat,
1310 905 1396 991 quod

210 1006 380 1091 profitetur
403 1030 433 1070 v.
457 1009 497 1074 51
519 1027 579 1090 sq.:

278 1134 280 1141 '
325 1130 426 1190 ‘certa
447 1126 493 1190 fui
516 1126 618 1211 primo
642 1165 683 1174 -
706 1126 765 1190 sed
787 1149 839 1192 me
862 1149 936 1191 mea
958 1126 1024 1192 fata
1047 1126 1220 1193 trahebant
1244 1167 1285 1176 -

451 1229 579 1315 hospita
600 1229 740 1294 feminea
762 1229 885 1315 pellere
909 1239 1016 1295 castra
1034 1229 1153 1295 manu.

210 1368 399 1455 Apollonius
430 1367 472 1431 de
506 1389 619 1432 eorum
648 1366 791 1432 adventu
821 1367 903 1432 haec
932 1368 1053 1453 prodit:
1086 1369 1292 1454 Argonautas
1322 1392 1395 1434 606-

210 1481 337 1558 spectos
355 1471 523 1552 Lemniae,
547 1471 623 1557 quia
638 1469 783 1536 Thraces
807 1493 877 1536 esse
901 1473 1081 1557 opinantur,
1106 1474 1203 1536 armis
1226 1472 1394 1538 celerrime

210 1575 329 1639 indutis
365 1576 494 1661 Myrina
536 1596 579 1638 ex
619 1574 701 1638 urbe
743 1584 919 1659 proruunt,
963 1583 1000 1638 ut
1041 1574 1149 1642 hostes
1190 1575 1223 1639 vi
1264 1587 1397 1640 arceant

210 1679 254 1764 (v.
279 1683 341 1747 633
364 1679 464 1765 sqq.);
493 1677 552 1742 sed
575 1699 662 1758 cum,
693 1678 749 1763 qni
777 1677 924 1742 advenae
954 1688 1061 1743 essent
1090 1678 1231 1765 quidque
1256 1689 1394 1763 orarent,

209 1804 269 1867 per
301 1781 511 1846 Aethalidam
544 1781 693 1844 nuntium
726 1781 768 1846 ab
802 1767 999 1866 Argonautis
1031 1782 1164 1846 missurn
1197 1780 1396 1848 audivissent

210 1885 255 1971 (v.
283 1891 346 1956 640
370 1883 470 1972 sqq),
504 1883 688 1971 Hypsipyle
717 1885 804 1971 apud
833 1884 985 1949 Lemnias
1017 1885 1113 1950 brevi
1141 1885 1183 1949 ad
1212 1886 1396 1952 contionem

210 1997 404 2054 convocatas
426 1989 460 2052 in
480 1988 542 2052 hac
559 1997 607 2052 est
622 1988 792 2069 sententia,
816 1998 851 2052 ut
865 1988 955 2052 victu
971 1997 1137 2076 apportato
1154 1987 1296 2074 hospites
1311 1991 1396 2054 intra

209 2092 337 2180 moenia
369 2091 491 2155 intrare
525 2089 612 2156 nullo
646 2091 742 2156 modo
775 2085 965 2177 patiendum
996 2114 1066 2156 esse
1095 2093 1234 2178 primum
1265 2103 1396 2157 censeat

210 2196 254 2282 (v.
278 2199 348 2286 655¹
364 2195 461 2282 sqq),
485 2205 552 2258 tum
575 2205 612 2258 ut
634 2196 680 2259 eis
703 2194 798 2258 detur
819 2195 962 2260 intrandi
984 2196 1096 2277 venia,
1119 2195 1245 2282 Polyxo
1268 2197 1394 2260 nutrice

208 2297 366 2364 suadente
401 2298 559 2363 concedat
593 2299 637 2384 (v.
662 2304 723 2368 667
747 2323 815 2386 sqq.
840 2300 880 2364 cf.
903 2299 976 2363 Val.
1000 2299 1109 2363 Flacc.
1132 2299 1167 2362 II
1189 2302 1393 2387 alt-325).

210 2402 301 2482 Quae
326 2400 460 2484 Ouidio,
490 2402 516 2465 si
546 2423 689 2466 amorem
717 2401 817 2466 fidem
847 2403 1025 2468 subsidium
1048 2402 1251 2489 Hypsipylae
1275 2405 1394 2489 optime

209 2514 284 2570 ante
313 2505 423 2569 oculos
445 2528 567 2590 ponere
589 2505 701 2588 voluit,
725 2505 903 2570 omittenda
927 2517 1027 2570 erant.
1072 2507 1122 2570 Ac
1145 2515 1268 2570 tantum
1292 2508 1394 2591 abest,

208 2618 243 2672 ut
259 2607 442 2695 Hypsipyle
465 2609 498 2673 in
519 2609 656 2694 epistula
672 2610 712 2674 de
727 2609 784 2673 illa
800 2611 949 2674 contione
965 2609 1067 2675 verba
1083 2610 1189 2691 faciat,
1213 2619 1249 2673 ut
1264 2633 1394 2676 oausam

201 2711 338 2799 ,hospitii
365 2713 441 2776 dati
474 2712 629 2776 attribuat
662 2713 743 2778 fato:
778 2735 843 2799 qua
876 2735 911 2777 re
938 2713 1088 2777 Iasonem
1121 2713 1296 2798 perfidum,
1331 2737 1393 2800 quo

209 2814 346 2880 celerius
369 2825 561 2900 revertatur,
585 2816 704 2880 adduci
726 2837 819 2902 posse
844 2817 994 2902 credin1)

205 2975 208 2978 4
294 2919 457 2985 Addenda
476 2919 533 2984 hic
549 2943 661 3013 pauca
683 2919 836 2985 videntur
858 2919 899 2984 de
923 2921 1069 2990 eiusdem
1088 2919 1218 2985 fabulae
1234 2922 1393 3004 versione,

208 3022 311 3108 qualis
334 3046 353 3086 a
375 3021 478 3109 poetis
500 3025 632 3110 tragicis
656 3023 846 3110 explicatur.
883 3023 1068 3110 Aeschylus
1092 3023 1177 3088 enim
1200 3024 1233 3088 in
1255 3025 1393 3109 trilogia,

208 3149 291 3212 quae
303 3127 486 3213 Hypsipyle
502 3127 697 3209 inscribitur,
714 3128 860 3212 reginam
876 3137 910 3192 et
920 3128 1073 3192 Lemnias
1087 3128 1239 3192 mulieres
1255 3140 1394 3194 armatas

207 3231 404 3315 Argonautis
432 3230 474 3294 ad
496 3231 570 3295 litus
593 3239 801 3296 occurrentes
825 3241 858 3295 et
881 3254 954 3296 oum
978 3230 1023 3295 eis
1047 3254 1163 3318 paoem
1186 3231 1395 3298 conciliantes

209 3333 335 3398 inducit
358 3334 412 3422 (cf.
436 3333 536 3398 schol.
552 3335 615 3420 Ap.
631 3332 693 3398 Rh.
708 3334 726 3398 I
746 3339 818 3404 769.
850 3334 1009 3399 Welcker
1025 3333 1143 3419 ‘Trag'
1159 3358 1189 3419 p.
1206 3335 1271 3420 51).
1308 3337 1394 3400 Num

208 3445 282 3501 ante
313 3436 374 3502 hoc
403 3436 517 3502 foedus
545 3439 660 3502 initum
682 3437 839 3501 Lemniae
870 3461 943 3502 cum
965 3439 1163 3524 Argonautis
1185 3462 1298 3504 manus
1322 3462 1395 3504 con-

207 3541 367 3605 seruerint
392 3541 492 3605 —id
522 3541 608 3628 quod
638 3539 814 3628 Sophocles
843 3542 876 3608 in
900 3547 1056 3630 Λημνίαις
1083 3542 1177 3606 finxit
1206 3542 1260 3630 (cf.
1293 3543 1393 3608 schol.

104 3639 139 3652 ”’
206 3645 269 3731 Ap.
292 3644 353 3709 Rh.
376 3645 397 3709 I.
421 3645 441 3708 I.
477 3645 1143 3735 7116166660.326)”)ν-166661616661.
1178 3645 1273 3710 Licet
1294 3646 1394 3730 igitur

207 3749 304 3814 statui
320 3748 485 3831 Ovidium,
510 3750 570 3814 etsi
593 3772 647 3814 eas
671 3748 864 3834 tragoedias,
889 3757 977 3813 certe
1001 3748 1225 3834 Sophocleam,
1249 3750 1279 3812 ei
1302 3760 1394 3815 notas

206 3853 303 3916 firisse
333 3853 404 3916 veri
433 3852 536 3918 simile
567 3861 631 3936 est,
660 3863 770 3918 tamen
798 3853 878 3916 nihil
908 3853 977 3916 fere
1005 3875 1047 3916 ex
1075 3853 1121 3916 eis
1144 3852 1305 3936 hausisse;
1336 3854 1393 3918 sod

206 3957 337 4042 propius
367 3955 408 4020 ad
436 3957 609 4021 veritatem
632 3957 843 4039 accedemus,
874 3956 899 4020 si
922 3965 1051 4041 poetam
1074 3978 1241 4020 romanum
1264 3958 1393 4022 fabulae

100 4197 105 4200 ῃ
293 4128 314 4198 ¹)
332 4128 417 4183 slmili
440 4131 550 4185 consilio
573 4130 684 4184 candem
706 4131 846 4198 proferunt
862 4146 968 4186 causam
986 4130 1111 4186 Phaedra
1129 4128 1180 4199 (ep.
1199 4131 1236 4185 IV
1255 4133 1286 4186 61
1298 4133 1349 4202 sq.)
1367 4138 1394 4186 et

205 4215 348 4270 Hermione
369 4214 420 4284 (ep.
434 4213 499 4270 VIII
517 4218 548 4270 81
561 4215 619 4286 sq).

290 4299 313 4367 l)
330 4301 405 4354 Idem
426 4300 503 4356 finxu
527 4303 627 4356 Statius
650 4301 778 4370 (Thebv
796 4304 848 4358 376
860 4303 927 4374 sqq.)
949 4302 1063 4360 fortasse
1082 4305 1220 4377 SophocIIs
1244 4305 1393 4378 exemplum

205 4394 312 4442 secutus
330 4388 375 4454 (ol.
388 4389 515 4444 Welcker
531 4407 558 4459 p.
571 4387 641 4454 328).
