3214 4854
713 289 928 354 -10-

360 457 474 522 ‘victor
496 456 537 520 ad
560 455 758 542 Hypsipyles
781 457 917 542 patriam
941 458 1085 546 clarique
1108 459 1263 524 Thoantis

360 569 393 623 et
417 571 563 626 veterum
587 571 689 624 terras
712 560 847 625 infames
870 561 971 626 caede
995 563 1138 628 virorum

359 663 434 728 vela
456 664 522 747 dat,
547 674 582 728 ut
604 663 725 728 referat
747 661 921 750 Tirynthia
942 664 1017 747 tela,
1041 666 1193 751 sagittas',

231 812 264 864 et
284 801 362 870 ‚loco
390 802 467 864 artis
496 801 685 882 amatoriae,
715 801 772 866 ubi
800 812 897 888 poeta
924 813 1094 890 postquam
1116 804 1244 870 feminis
1267 807 1307 871 de
1330 830 1415 872 ama-

231 904 353 970 toribus
384 904 478 968 domo
509 905 710 990 excipiendis
738 915 914 992 praecepta
943 906 1048 988 dedit,
1080 907 1196 993 quibus
1226 918 1336 974 tamen
1358 933 1416 974 sua

230 1010 329 1094 ipsius
357 1009 437 1072 vitia
466 1008 584 1094 aperit,
613 1008 714 1074 nihilo
737 1010 841 1074 minus
871 1011 957 1075 omni
986 1009 1186 1076 dubitatione
1217 1013 1345 1078 abiecta
1373 1014 1416 1078 ad

232 1110 369 1178 eandem
399 1111 622 1198 praecipiendi
650 1115 808 1178 rationem
837 1113 887 1178 his
917 1114 1026 1179 verbis
1049 1115 1212 1182 delabitur
1235 1117 1298 1204 (ΠΙ
1321 1117 1414 1203 672);

578 1255 649 1336 ‘ego
673 1261 789 1337 coepta
810 1250 952 1316 fideliter
975 1252 1070 1317 e'dam

458 1354 623 1420 Lemniasi
646 1364 678 1418 et
701 1354 825 1439 gladios
848 1355 881 1420 in
902 1377 977 1420 mea
998 1356 1065 1421 fata
1087 1355 1191 1439 dabo’,

233 1493 443 1582 similiterque
467 1503 563 1577 poeta
585 1503 684 1580 optat,
709 1503 743 1556 ut
765 1494 916 1558 inimicus
938 1504 1050 1579 pereat
1073 1495 1156 1560 sicut
1178 1497 1210 1579 ii,

388 1639 477 1720 ‘quos
499 1632 588 1697 ferae
611 1631 708 1697 morti
728 1631 865 1697 Lemnia
887 1633 983 1698 turba
1005 1633 1103 1698 dedit’
1127 1634 1189 1722 (lb.
1213 1637 1299 1722 394).

319 1771 501 1837 Thoantem
522 1782 632 1835 autem
654 1779 780 1855 patrem
801 1793 820 1834 a
834 1794 868 1835 se
885 1782 1048 1836 servatum
1064 1795 1134 1836 esse
1150 1774 1220 1859 ipsa
1234 1773 1416 1859 Hypsipyle

232 1876 371 1940 Medeae
393 1875 592 1961 improbitati
614 1897 704 1938 suam
727 1875 882 1960 pietatem
904 1897 1068 1961 opponens
1091 1877 1191 1940 refert
1212 1901 1244 1942 v.
1271 1883 1346 1946 135:
1458 1867 1466 1874 ’

385 2012 537 2098 ‘prodidit
557 2013 613 2077 illa
635 2023 774 2099 patrem:
798 2014 891 2099 rapui
914 2012 954 2077 de
979 2013 1080 2078 caede
1105 2013 1267 2088 Thoanta:

431 2116 575 2180 deseruit
597 2115 748 2182 Colchos:
771 2139 824 2180 me
847 2139 921 2182 mea
943 2117 1082 2182 Lemnos
1105 2117 1224 2200 habet’,
1284 2170 1287 2178 ,

234 2271 320 2358 quod
344 2272 431 2353 fecit,
456 2273 532 2359 quia
554 2272 645 2336 nefas
667 2272 748 2337 illud
771 2272 932 2337 detestata
954 2283 1004 2337 est
1026 2271 1081 2359 (cf.
1105 2296 1136 2337 v.
1161 2275 1246 2359 139).
1291 2274 1364 2338 Hac
1386 2274 1420 2336 in

235 2399 270 2439 re
292 2375 448 2440 Ovidium
471 2399 545 2440 cum
560 2375 731 2461 Apollonio
754 2377 894 2462 quodam
916 2377 1011 2441 modo
1035 2376 1220 2462 discrepare
1245 2377 1420 2442 notandum

236 2490 297 2543 est:
332 2504 407 2544 nam
441 2480 527 2566 apud
561 2479 647 2543 hunc
681 2479 878 2566 Hypsipyle,
914 2503 1108 2566 quamquam
1143 2480 1248 2545 Iasoni
1287 2481 1424 2545 caedem

236 2583 377 2647 virorum
401 2605 435 2647 se
458 2606 537 2648 vere
561 2592 783 2648 enarraturam
807 2607 876 2648 esse
899 2586 945 2649 ait
967 2585 1012 2671 (v.
1037 2585 1127 2670 796),
1156 2594 1266 2648 tamen
1288 2607 1352 2670 qua
1375 2593 1423 2646 est

215 2686 414 2751 ‘calliditate
430 2709 495 2752 non
510 2689 617 2752 omnia
631 2688 755 2773 profert
769 2727 811 2736 —-
827 2709 867 2752 ea
883 2689 978 2770 enim,
994 2710 1077 2774 quae
1093 2687 1149 2750 illa
1164 2687 1289 2768 reticet,
1306 2695 1422 2771 poetae

237 2790 329 2875 epico
352 2790 414 2875 ipsi
437 2791 477 2855 de
501 2814 557 2855 suo
581 2775 718 2877 prodere
741 2791 862 2856 licebat
885 2791 940 2877 (cf.
963 2816 994 2856 v.
1019 2795 1082 2860 620
1098 2790 1179 2876 sqq.)
1202 2831 1254 2873 -,
1279 2789 1337 2854 sed
1360 2789 1422 2854 hoc

236 2903 360 2958 tantum
390 2905 547 2960 memorat
576 2895 678 2975 viros,
710 2917 784 2958 cum
814 2919 834 2960 a
862 2894 1051 2960 mulieribus
1081 2893 1230 2958 Thraciis
1261 2893 1435 2980 quondam.

236 2997 410 3082 redissent,
445 3000 478 3062 in
511 2999 626 3064 urbem
660 2998 702 3062 ab
731 2999 887 3062 uxoribus
916 3020 980 3062 non
1010 3007 1158 3084 receptos
1188 2999 1221 3061 in
1248 2997 1423 3061 Thraciam

237 3102 434 3185 demigrasse
464 3098 508 3189 (u.
539 3105 602 3169 820
632 3102 724 3190 sqq).
769 3103 887 3166 Metuit
918 3102 1019 3183 enim,
1049 3123 1090 3164 ne
1113 3099 1336 3185 Argonautae,
1366 3100 1424 3164 ubi

237 3204 373 3270 caedem
407 3207 639 3291 compererint,
674 3215 730 3270 aut
758 3207 911 3270 Lemnias
939 3205 1075 3292 puniant
1104 3212 1159 3267 aut
1187 3204 1324 3268 insulam
1354 3204 1423 3268 sine

236 3330 327 3372 mora
356 3308 549 3395 relinquant.
594 3309 678 3372 Item
704 3330 782 3373 vero
806 3308 968 3395 Apollonii
991 3306 1174 3394 Hypsipyle
1198 3317 1324 3392 patrem
1347 3329 1366 3370 a
1388 3329 1423 3370 se

237 3421 397 3475 servatum
426 3421 514 3476 tacet
542 3434 650 3499 neque
680 3413 808 3477 omnino
832 3423 897 3475 tam
921 3411 1024 3497 planis
1047 3411 1157 3475 verbis
1178 3409 1358 3474 incolarum
1381 3409 1424 3472 fa-

238 3516 329 3578 cinus
350 3515 525 3600 improbat,
550 3538 645 3602 quam
670 3516 791 3580 Ovidii.
837 3515 1038 3580 Felicissime
1061 3523 1169 3579 autem
1191 3511 1324 3594 Nasoni,
1350 3536 1423 3577 cum

236 3619 316 3683 illud
350 3619 458 3705 paullo
491 3629 644 3700 mutaret,
679 3629 756 3705 puto
791 3620 977 3702 contigisse,
1012 3629 1048 3681 ut
1081 3615 1285 3703 Hypsipylae
1319 3639 1424 3680 mores

237 3723 375 3786 certiore
405 3724 528 3788 ratione
559 3733 739 3808 exponeret
768 3724 935 3810 magisque
966 3721 1008 3786 ad
1038 3719 1208 3806 epistulam
1235 3721 1424 3786 amatoriam

237 3821 507 3891 accommodaret.

323 3929 390 3994 Sed
413 3953 496 4016 quae
521 3931 623 3995 caede
646 3930 702 3995 illa
718 3931 835 3995 effecta
849 3939 934 4012 sunt,
959 3928 1096 3993 Ovidius
1113 3927 1229 3992 eadem
1246 3949 1315 3990 esse
1331 3925 1425 4012 fingit

237 4044 334 4119 atque
366 4033 566 4119 Apollonius
619 4035 748 4099 Etenim
784 4056 857 4097 cum
887 4033 1069 4098 Thoantem
1097 4032 1222 4096 Lemno
1256 4029 1424 4095 absentem

236 4146 374 4222 uterque
405 4137 517 4219 faciat,
548 4138 748 4223 Hypsipyle,
780 4148 815 4201 ut
842 4137 939 4201 unica
961 4136 1046 4200 illius
1069 4136 1137 4200 filia
1159 4135 1213 4220 (cf.
1238 4133 1338 4198 schol.
1361 4135 1423 4218 Ap.

239 4240 298 4303 Rh.
318 4241 328 4302 l
349 4241 434 4326 719),
458 4241 582 4306 insulae
605 4244 719 4326 regina
740 4241 918 4306 inducitur:
943 4264 1040 4327 quam
1063 4263 1097 4304 se
1118 4261 1188 4303 esse
1205 4239 1274 4322 ipsa
1289 4247 1426 4300 testatur

238 4344 323 4434 apud
348 4346 553 4437 Apollonium
578 4371 608 4412 v.
629 4353 691 4419 798
715 4345 801 4430 (coll.
818 4369 849 4413 v.
867 4351 926 4416 lll
945 4347 998 4433 sq(
1020 4343 1092 4409 Vel.
1112 4343 1222 4408 Flacc.
1240 4341 1273 4406 H
1295 4345 1359 4410 309
1379 4362 1424 4426 Sq-
