3242 4860
668 339 884 402 ..65-

183 513 215 569 et
237 509 443 591 v.155sqq.‚
468 505 583 590 quibus
598 504 709 568 Venus
733 501 781 568 ad¹
797 515 964 568 certamen
986 515 1099 590 parata
1121 516 1195 570 ante
1215 505 1366 570 Paridem

182 619 273 673 const
286 610 361 672 tisse
384 618 550 672 narratur:

335 761 355 850 ἣ
380 763 405 831 δ’
429 761 517 832 ἑανὸν
540 762 742 848 βαλύκολπον
767 769 800 844 ἐς
822 761 903 851 ἠέρα
925 763 1121 851 γυμνώσασα·

337 864 451 935 κόλπον
475 865 638 956 ἀνῃώρησε
661 869 717 936 καί
740 865 797 936 οὐκ
819 864 977 957 ᾐδέσσατο
1001 865 1130 956 Κύπρις.

336 971 414 1058 χειρί
437 967 463 1037 δ’
487 974 697 1059 ἐλαφρίζουσα
721 974 895 1058 μελίφρονα
918 968 1031 1058 δεσμὸν
1056 969 1178 1058 ἐρώτων

337 1076 458 1159 crata
482 1070 566 1140 ἅπαν
590 1071 731 1160 γύμνωσε
755 1074 811 1142 καί
835 1072 892 1143 οὐκ
917 1070 1076 1160 ἐμνήσατο
1101 1077 1217 1161 μαζῶν,

181 1243 361 1329 Praecipue
378 1244 518 1329 denique
535 1243 668 1328 singulis
682 1244 781 1310 rebus
792 1244 989 1309 illustrandis
1000 1245 1163 1308 Lucianus
1176 1245 1366 1328 delectatur,

182 1347 238 1431 qui
253 1347 405 1410 Paridem
423 1346 518 1431 fingit
533 1347 701 1412 iubentem
714 1348 897 1412 Minervam
913 1371 1033 1434 ponere
1049 1347 1186 1432 galeam,
1209 1349 1367 1413 lunonem

182 1459 317 1533 vestem,
340 1449 506 1514 Venerem
528 1461 653 1514 castum
676 1452 709 1538 (ξ
733 1453 799 1538 10).

267 1554 406 1618 Dubitat
429 1563 537 1618 autem
559 1564 667 1640 pastor
690 1565 815 1620 certum
837 1556 946 1620 facere
966 1555 1124 1619 iudicium
1144 1555 1207 1619 Ov.
1224 1578 1274 1641 ep.
1291 1556 1368 1619 XVI

184 1661 225 1724 75
248 1677 312 1742 sq:

270 1795 452 1860 ‘vincere
476 1806 594 1860 erant
617 1802 752 1861 omnes
776 1797 928 1880 dignae
951 1796 1117 1881 iudexque
1141 1797 1302 1880 querebar

404 1921 469 1964 non
492 1922 602 1963 omnes
626 1921 757 1963 causam
779 1901 913 1963 vincere
934 1922 1027 1985 posse
1051 1898 1161 1980 suam’,

181 2053 342 2139 itemque,
373 2077 415 2118 ne
446 2055 580 2118 dearum
609 2055 691 2118 iram
721 2055 844 2118 excitet
873 2077 938 2118 una
966 2056 1083 2119 ceteris
1105 2057 1304 2142 praeposita,
1333 2057 1367 2119 in

182 2156 310 2240 dialogo
326 2157 492 2222 Lucianeo
507 2149 1367 2246 νοοοῖασὲὃεαίνταιπᾶσαίτεὁμοίωςκαλαί

183 2261 239 2329 καί
263 2259 319 2329 οὐκ
343 2259 398 2329 οἶδ’
419 2259 505 2340 Γὄντως
521 2259 558 2330 ἄν
574 2288 624 2342 τις
640 2261 701 2330 ἀπὸ
718 2266 778 2350 τῆς
794 2266 906 2350 ἑτέρας
924 2263 974 2330 a’ui
989 2261 1045 2350 τὴν
1063 2267 1172 2351 ἑτέραν
1190 2261 1367 2349 μεταγάγοι

181 2362 238 2452 τὴν
261 2361 334 2451 ὄψιν
358 2363 562 2444 ἀποσπάσας·
587 2364 621 2434 οὐ
644 2364 705 2453 γὰρ
722 2369 828 2434 ababa
844 2364 1046 2452 ἀρίστασὲῖαο
1063 2369 1178 2456 ῥᾳδίως
1202 2413 1259 2429 ...
1284 2370 1366 2434 δοκῶ

182 2467 208 2534 δ’
233 2465 270 2535 ἅν
295 2495 347 2554 μοι
370 2472 477 2546 καλῶς
500 2466 632 2536 δικάσαι
654 2466 773 2546 πάσαις
796 2466 934 2547 ἀποδοὺς
955 2466 991 2536 τὸ
1016 2472 1113 2556 μῆλον
1138 2523 1143 2536 .
1167 2522 1173 2534 .
1196 2522 1202 2533 .
1226 2473 1293 2548 πῶς
1316 2461 1366 2537 οὖν

181 2569 216 2639 od
240 2567 363 2658 χαλεπὴ
388 2571 444 2638 καί
468 2569 569 2650 οὕτως
591 2566 611 2656 ἡ
636 2574 750 2658 κρίσιςς
772 2610 815 2619 -

266 2673 336 2737 Iam
366 2674 535 2737 veniamus
563 2673 605 2738 ad
634 2673 793 2757 insignem
823 2673 952 2738 fabulae
979 2684 1105 2760 partem
1129 2674 1365 2760 explicandam,

180 2781 214 2842 in
244 2800 308 2863 qua
335 2784 466 2862 poetam
496 2776 744 2840 alexandrinum
774 2776 900 2862 singula
930 2799 1003 2841 cum
1030 2801 1099 2844 sua¹
1114 2778 1279 2863 voluptate
1304 2778 1366 2842 ela-

180 2883 312 2946 borasse
336 2879 491 2944 credibile
513 2890 575 2943 est:
599 2880 696 2966 quid
720 2904 908 2967 quaeque
932 2881 1254 2946 dearumParidi
1276 2904 1366 2967 pro-

181 2985 353 3048 miserit.
389 2983 454 3063 Qui
477 3006 551 3047 curn
574 3006 639 3047 non
661 2983 820 3048 solumde
837 2985 948 3066 forma,
972 2985 1200 3048 verumetiam
1217 2985 1366 3049 dadonis
1403 2995 1407 3003 '

181 3089 316 3152 dearum
346 3087 492 3151 iudicans
521 3086 692 3171 fingendus
722 3088 762 3150 sit
787 3087 947 3152 -aliter
977 3087 1063 3151 enim
1093 3109 1190 3151 causa
1218 3075 1370 3154 Helenae

180 3191 391 3277 abripiendae
421 3190 563 3275 bellique
594 3191 761 3254 excitandi
790 3192 925 3276 cogitari
951 3193 1064 3276 nequit
1085 3231 1141 3274 ε,
1172 3189 1225 3255 hic
1247 3193 1366 3256 iterum

181 3305 272 3360 extat
293 3295 477 3379 vestigium,
501 3315 563 3378 quo
588 3293 629 3356 ad
644 3293 800 3380 Cyprium
816 3317 948 3359 carmen
963 3295 1129 3377 ducamur,
1153 3296 1243 3359 cuius
1258 3318 1366 3359 narra-

130 3389 132 3395 ’
179 3399 259 3463 tioni
287 3399 480 3484 posteriores
508 3406 674 3462 certamen
696 3396 776 3461 illud
800 3398 840 3461 de
865 3420 1034 3484 corporum
1057 3398 1297 3484 pulchritudine
1320 3401 1366 3463 in-

180 3503 327 3565 stitutum
350 3510 515 3586 tamquam
538 3500 831 3584 agglutinaverunt.

265 3605 410 3667 Primum
433 3610 551 3686 autem,
576 3626 638 3689 quo
655 3604 767 3669 ordine
783 3605 862 3690 quid
876 3605 977 3669 iudici
991 3607 1205 3692 polliceantur
1220 3606 1365 3690 singulae

180 3709 262 3772 deae
285 3706 465 3794 proferant,
488 3729 593 3791 pauca
616 3707 756 3772 dicenda
778 3719 861 3772 sunt.
906 3709 989 3774 Eum
1013 3711 1099 3774 enim
1123 3710 1283 3790 ordinem,
1311 3711 1365 3794 qui

180 3813 222 3876 ab
246 3810 394 3875 omnibus
409 3810 478 3873 fere
494 3811 703 3896 scriptoribus
719 3821 752 3876 et
766 3811 943 3897 pictoribus
953 3818 975 3894 ¹)
992 3822 1139 3876 servatur
1155 3822 1188 3875 et
1202 3812 1364 3897 plerisque

179 3914 333 4000 probatus
356 3936 395 3977 ac
418 3913 509 3997 quasi
524 3913 655 3991 τνπίκὸς
670 3914 739 3996 fuit,
763 3937 804 3977 no
821 3914 862 3978 ab
879 3914 997 3980 Ovidio
1013 3916 1145 4000 quidem
1160 3916 1363 3978 immutatum

180 4040 250 4082 esse
278 4017 435 4082 videmus.
480 4016 624 4080 Primum
646 4017 745 4100 igitur
768 4016 853 4102 apud
875 4017 1027 4082 Paridem
1049 4019 1151 4083 verba
1173 4019 1251 4081 facit
1272 4017 1363 4098 Iunc,

179 4120 299 4186 deinde
322 4120 480 4201 Minerva,
504 4130 665 4204 postremo
688 4120 800 4185 Venus
822 4121 855 4182 in
879 4120 1014 4206 epistula
1036 4122 1161 4185 Paridis
1183 4146 1214 4187 ν.
1239 4127 1276 4190 81
1295 4143 1363 4206 sqq.

188 4299 308 4306 .-....--..
318 4297 384 4304 ..η-.-

265 4397 286 4465 1)
306 4395 346 4450 cf.
364 4395 491 4450 Welcker
509 4396 606 4448 Annali
626 4397 641 4448 l.
661 4397 677 4448 l.
697 4415 721 4464 p.
740 4397 790 4452 139
809 4413 863 4466 sqq.
