3242 4860
714 281 930 345 *85-

231 447 294 511 loci
318 471 446 512 sensum
469 449 510 514 ab
533 447 764 512 Alexandrinis
786 448 967 533 profectum
990 470 1059 513 esse
1082 447 1159 512 iude
1184 419 1303 530 elucet,
1327 447 1415 532 quod

233 559 354 636 quanta
375 551 443 616 vini
457 561 599 638 potestas
613 551 647 616 in
662 549 844 616 amantibus
860 560 953 634 esset,
975 549 1047 637 plus
1062 551 1162 616 semel
1176 552 1414 616 indicaverunt.

233 653 389 722 Conferas
411 677 439 719 e.
464 678 494 739 g.
517 664 647 742 praeter
670 653 792 719 Tibulli
814 654 989 720 simillimos
1011 677 1124 720 versus
1146 655 1163 718 Ι
1185 661 1215 740 5,
1239 661 1278 725 37
1302 678 1365 742 sq.:

387 779 495 861 ‘saepe
519 799 580 860 ego
602 776 760 863 temptavi
783 797 875 840 curas
899 775 1064 861 depellere
1087 776 1172 858 vino,

440 888 473 942 at
495 878 586 944 dolor
608 881 641 944 in
663 878 812 944 lacrimas
834 888 978 944 verterat
1001 902 1095 945 omne
1116 879 1251 944 merum’

234 1025 267 1079 et
301 1014 463 1080 Ovidiana
498 1022 582 1081 ‘cum
615 1017 754 1082 Veneris
787 1038 887 1102 puero
917 1040 982 1081 non
1009 1016 1110 1099 male,
1145 1017 1294 1100 Bacche,
1327 1018 1417 1082 faois’

236 1119 308 1205 (art.
335 1118 387 1182 ΠΙ
415 1121 490 1208 762)
519 1120 639 1184 Achill.
672 1121 743 1190 Tat.
767 1120 800 1185 ΙΙ
823 1127 859 1202 3,
883 1125 919 1188 3:
950 1119 1061 1208 Ἔρως
1089 1122 1146 1190 καὶ
1169 1119 1329 1202 Διόνυσος,
1361 1119 1416 1189 δύο

235 1227 332 1307 βίαιοι
361 1227 446 1305 tuot,
477 1223 580 1313 ψυχὴν
604 1223 821 1313 κατασχόντες
844 1228 1041 1311 ἐκμαίνονσιν
1065 1227 1110 1304 εἰς
1134 1223 1368 1313 ἀναισχυντίαν,
1401 1220 1417 1291 ὃ

237 1327 292 1412 μὲν
326 1325 412 1394 κάων
444 1325 541 1416 αὐτὴν
570 1331 615 1419 τῷ
646 1326 776 1415 aaudiat
804 1332 891 1414 πυρί,
923 1323 938 1395 ὃ
970 1330 1004 1396 δὲ
1033 1327 1086 1396 τὸν
1116 1325 1193 1396 οἶνον
1223 1324 1418 1415 ὑπέκκαυμα

237 1434 353 1516 φέρων·
371 1427 451 1510 οἶνος
466 1429 526 1518 γὰρ
543 1435 659 1518 ἔρωτος
673 1429 784 1519 τροφή.
808 1431 906 1494 Plura
919 1430 1064 1494 eiusdem
1075 1431 1204 1514 generis
1216 1430 1419 1514 collegerunt

235 1531 350 1596 Ro'hde
381 1555 411 1618 p.
438 1537 499 1602 160
528 1533 602 1598 adn.
626 1538 662 1615 3,
692 1532 831 1620 Dilthey
859 1535 893 1598 in
914 1534 986 1598 Iud.
1014 1534 1088 1598 leet.
1112 1531 1258 1618 Gotting.
1284 1533 1420 1618 1878l79

235 1657 266 1720 p.
293 1641 332 1703 18
355 1658 434 1722 sqq„
457 1635 571 1701 Mallet
594 1642 727 1723 ‘quaest
750 1637 854 1722 Prop.²
876 1660 907 1722 p.
931 1642 972 1705 42
995 1660 1041 1724 sq.
1065 1637 1190 1701 Paridis
1212 1647 1321 1701 autem
1344 1659 1420 1700 cum

236 1739 359 1821 verbis,
389 1761 472 1826 quae
496 1749 570 1804 ante
594 1739 755 1806 distichon
778 1763 874 1828 supra
897 1743 1097 1826 exscriptum
1119 1741 1287 1825 leguntur,
1311 1745 1419 1824 ‘saepe

238 1843 314 1908 dedi
337 1842 485 1927 gemitus'
509 1843 553 1930 (v.
577 1844 664 1931 229),
689 1867 771 1930 quae
794 1844 923 1909 Helena
946 1845 1144 1931 respondens
1167 1845 1298 1930 respicit
1312 1867 1343 1907 ν.
1361 1849 1419 1911 79:

232 1953 281 2010 ‘et
296 1947 391 2010 modo
408 1945 564 2032 suspiras’,
589 1957 795 2033 comparetur
809 1948 936 2012 initium
953 1948 1193 2034 epigrammatis
1209 1945 1422 2032 Callimachei

237 2051 271 2113 in
286 2048 386 2113 Anth.
402 2049 470 2113 Pal.
487 2049 554 2113 XII
573 2057 633 2119 118
650 2050 705 2138 (de
726 2049 851 2137 hospite
868 2053 984 2116 amoris
999 2051 1128 2136 ignibus
1143 2050 1419 2137 flagrantissimo):

438 2173 531 2251 ἕλκος
555 2175 630 2259 ἔχων
655 2169 669 2240 ὃ
695 2175 794 2254 ξεῖνος
817 2171 1001 2242 ilduinum·
1028 2169 1070 2253 ὡς
1093 2170 1214 2261 ἀνιηρόν

486 2279 609 2361 πνεῦμα
632 2274 684 2344 διὰ
708 2281 853 2365 στηῖνέων
877 2273 958 2356 εἶδες
981 2274 1167 2366 ἀνηγάγετο.

324 2395 500 2477 Lacrimas,
524 2418 604 2482 quas
623 2397 803 2481 aegerrime
819 2396 937 2478 ferens,
960 2397 1047 2484 quod
1062 2396 1222 2460 Helenam
1238 2405 1273 2459 ut
1289 2395 1422 2460 cottidie

238 2499 338 2581 videt,
361 2500 407 2563 ita
429 2500 537 2565 statim
560 2499 724 2565 abducere
746 2501 873 2586 nequit,
898 2522 994 2586 saepe
1017 2501 1195 2586 profundit,
1218 2499 1309 2564 Paris
1331 2498 1424 2586 quasi

238 2603 361 2689 pudore
385 2603 519 2668 affectus
541 2603 727 2668 Menelaum
750 2602 858 2668 celare
881 2603 951 2668 vult
972 2627 1003 2667 v.
1026 2609 1087 2672 241
1113 2627 1175 2690 sq.:

394 2729 433 2805 ίιι,
458 2725 604 2810 quotiens
627 2725 768 2789 lacrimis
790 2723 997 2789 venientibus
1020 2747 1076 2789 ora
1098 2723 1223 2806 reflexi,

466 2849 507 2891 ne
532 2849 661 2892 causam
683 2828 778 2893 fletus
800 2837 973 2914 quaereret
994 2827 1049 2891 ille
1072 2827 1155 2892 mei'.

239 2948 309 3012 Nec
332 2948 394 3012 hoc
417 2948 550 3035 quidem
572 2949 639 3013 sine
664 2948 814 3036 exemplo
830 2948 1128 3014 Alexandrinorum
1150 2972 1170 3012 a
1189 2957 1283 3033 poeta
1300 2947 1426 3010 dictum

241 3075 310 3116 esse
341 3074 384 3114 ex
412 3052 450 3114 iis
472 3051 679 3137 intelligitur,
710 3075 793 3140 quae
816 3053 1041 3118 Aristaenetus
1064 3053 1105 3117 de
1127 3051 1266 3116 Acontio
1290 3052 1427 3135 exponit

241 3160 285 3244 (p.
315 3160 392 3237 129,
421 3161 441 3224 5
468 3156 603 3244 Dilth.):
634 3156 742 3226 κλάειν
773 3155 958 3245 αἰδούμενος
985 3155 1042 3246 τὴν
1071 3153 1192 3246 ἡμέραν
1222 3153 1258 3222 τὸ
1287 3151 1426 3242 δάκρυον

242 3258 428 3348 ἐταμιενετο
451 3273 524 3339 ταῖς
545 3263 636 3341 ννξίν.

326 3363 382 3429 Eis
405 3372 515 3426 autem
538 3386 621 3449 quae
643 3362 734 3426 Paris
755 3385 850 3448 porro
873 3362 915 3426 de
939 3386 972 3426 se
996 3363 1118 3448 profert
1138 3386 1170 3426 v.
1194 3367 1257 3429 243
1279 3381 1365 3447 sqq.:

397 3489 435 3566 ιιι,
460 3484 607 3569 quotiens
630 3482 771 3569 aliquem
792 3483 923 3548 narravi
944 3492 1038 3570 potus
1062 3505 1204 3546 amorem

447 3587 488 3650 ad
511 3586 619 3651 vultus
640 3587 784 3652 referens
807 3587 932 3672 singula
954 3586 1057 3653 verba
1078 3595 1148 3650 tuos

395 3691 617 3778 indiciumque
641 3693 706 3756 mei
728 3691 804 3757 ficto
828 3692 887 3756 sub
910 3693 1038 3756 nomine
1062 3691 1137 3754 feci:

447 3795 502 3860 ille
526 3817 597 3880 ege,
621 3797 647 3858 si
670 3797 784 3878 nescis,
809 3819 905 3861 verus
928 3805 1052 3859 amator
1075 3793 1183 3877 eram',

242 3917 357 3982 similia
380 3916 467 4002 apud
489 3916 676 3982 hellenistas
699 3917 844 3986 extitisse
866 3916 1048 3981 necessario
1067 3915 1145 3980 inde
1161 3898 1314 4002 sequitur,
1337 3914 1429 4002 quod

242 4020 385 4103 Nonnus,
409 4043 506 4107 quem
527 4020 655 4086 illorum
671 4031 864 4086 sectatorem
881 4019 1163 4106 diligentissimum
1176 4018 1273 4083 fuisse
1290 4027 1427 4101 constat,

242 4121 364 4187 Panem
386 4123 480 4208 fingit
497 4124 629 4190 Baccho
652 4124 852 4206 suadentem,
876 4133 911 4188 ut
934 4123 1021 4210 apud
1035 4123 1184 4203 Baream,
1207 4129 1318 4206 utpote
1341 4143 1428 4206 quae

244 4225 315 4290 duri
350 4229 390 4291 sit
424 4228 545 4311 cordis,
580 4251 705 4294 amores
735 4227 893 4312 Apollinis
923 4227 1123 4312 aliorumque
1153 4223 1287 4288 deorum
1316 4233 1431 4289 cantet

244 4329 350 4416 (mu
372 4337 434 4401 aaa
458 4332 553 4420 ιρι,
