3242 4860
678 281 890 375 2-ch

194 478 270 542 fido.
322 477 450 542 Puellas
485 477 569 541 enim
603 476 837 563 pulcherrimas
871 499 943 541 cum
973 477 1103 542 Venere
1136 478 1282 543 conferre
1312 478 1378 543 hel-

193 581 317 646 lenistis
345 581 586 646 usitatissimum
610 589 688 646 erat.
702 585 725 662 1)
768 580 863 644 Illum
886 590 994 646 autem
1015 591 1160 666 poetam,
1188 581 1378 667 66661661-

193 684 304 750 luthus
327 691 456 749 secutus
479 693 543 766 661,
567 684 593 748 si
615 683 777 748 Helenam
799 683 936 748 Veneris
959 705 1139 750 sororem
1160 687 1292 750 vocavit
1313 685 1377 766 vel,

195 788 282 876 quod
305 787 435 874 gravius
458 795 516 869 est,
537 787 607 873 ipsa
629 810 649 852 a
669 787 800 851 Venere
822 787 933 850 vocari
954 786 1063 870 finxit,
1094 789 1239 873 quamvis
1261 809 1379 874 aequa-

176 892 271 973 ‚lium
306 913 429 956 morem
459 890 616 954 imitatum
646 900 755 954 tamen
784 889 1022 975 elegantissime
1051 891 1093 955 ab
1125 913 1163 956 66
1194 892 1377 956 discessisse

194 994 365 1060 concedas
414 993 520 1058 Unum
541 1015 620 1058 vero
643 993 749 1058 locum
771 992 980 1076 simillimum,
1005 1016 1067 1079 quo
1090 993 1219 1060 Helena
1240 995 1378 1059 Veneris

193 1097 270 1181 tilia,
292 1098 444 1162 nimirum
465 1120 525 1182 per
548 1097 685 1161 eandem
708 1095 940 1183 metaphoram,
964 1096 1092 1180 dicitur,
1116 1098 1253 1163 exhibet
1273 1098 1378 1163 Ptole-

194 1224 306 1265 maeus
334 1199 535 1286 Hephaestio
566 1199 753 1281 (Westerm.
782 1198 944 1286 mythogr.
971 1223 1002 1285 p.
1035 1206 1112 1284 188,
1141 1205 1212 1284 22),
1244 1201 1284 1264 de
1315 1223 1377 1286 quo

194 1302 435 1388 Engelmannus
457 1305 491 1368 in
513 1303 670 1368 Roscheri
692 1302 759 1367 lex.
781 1302 884 1388 myth.
907 1327 938 1390 p.
962 1308 1043 1374 1932
1066 1315 1155 1369 recte
1179 1303 1278 1370 haec:
1303 1303 1376 1367 ‘Die

193 1405 400 1492 Entstehung
422 1407 530 1472 dieser
551 1407 729 1490 Wendung
750 1405 792 1472 ist
813 1406 868 1470 bei
891 1406 966 1470 dem
981 1406 1153 1473 Liebreize
1176 1408 1236 1473 der
1250 1407 1378 1473 Helena

193 1510 260 1574 und
290 1510 346 1574 bei
369 1511 428 1574 der
449 1510 629 1595 Fiirsorge,
659 1510 784 1575 welche
807 1509 859 1573 ihr
880 1509 1063 1596 Aphrodite
1086 1511 1259 1596 best'andig
1282 1510 1378 1574 zuteil

194 1613 328 1678 werden
350 1613 436 1695 l'asst,
458 1612 561 1678 leicht
584 1612 778 1678 erklarlich’.
824 1611 937 1693 Quid?
963 1613 1048 1699 quod
1072 1615 1169 1680 etiam
1193 1614 1279 1701 apud
1302 1613 1378 1678 Ovi-

195 1718 284 1783 dium
305 1717 396 1780 Paris
418 1718 488 1803 ipse
510 1718 671 1783 Helenam
695 1740 768 1782 cum
791 1717 921 1782 Venere
945 1726 1111 1802 comparat
1133 1741 1164 1781 v.
1189 1723 1250 1787 137
1273 1739 1333 1802 sq.:

324 1836 384 1902 ‘his
407 1837 527 1902 similes
549 1837 666 1920 vultus,
691 1847 845 1923 quantum
868 1837 1065 1920 reminiscor,
1088 1837 1243 1919 habebat,

366 1941 456 2005 venit
478 1942 511 2005 in
534 1941 703 2008 arbitrium
724 1963 797 2012 cum
813 1939 979 2027 Cytherea
994 1940 1110 2005 meum’
1128 1941 1225 2023 (adde
1237 1964 1268 2004 v.
1280 1945 1377 2022 331).

281 2079 440 2143 Iudicium
478 2079 619 2164 denique
654 2081 758 2165 ipsum
791 2079 882 2143 Paris
920 2100 1016 2164 quam
1052 2078 1242 2143 brevissime
1275 2079 1377 2162 tangit
1437 2145 1441 2150 ,
1475 2091 1479 2098 “

192 2208 225 2247 v.
250 2187 289 2252 87
314 2205 360 2267 sq.
385 2181 439 2262 (de
462 2181 620 2267 Venere):

325 2302 420 2368 ‘dixit
442 2312 475 2366 61
498 2325 540 2366 ex
562 2324 666 2387 aequo
690 2301 782 2368 donis
804 2304 1016 2395 formaque
1039 2302 1216 2388 probata

444 2406 601 2471 victorem
626 2406 715 2472 caelo
738 2406 864 2471 rettulit
885 2406 941 2470 illa
962 2404 1099 2491 pedem’,

196 2545 388 2630 quibuscum
403 2544 489 2610 bene
505 2545 711 2609 conferantur
721 2543 864 2609 Oolluthi
874 2543 986 2625 verba,
1003 2542 1119 2627 quibus
1129 2541 1221 2606 Paris
1233 2543 1382 2607 Helenae

195 2649 284 2713 idem
313 2657 424 2712 narrat
446 2671 477 2712 v.
502 2653 581 2717 293:
611 2647 769 2733 Κύπριδος
797 2647 930 2734 ἀγλαΐην
954 2647 1010 2714 καὶ
1034 2644 1235 2732 ἐπήρατον
1258 2645 1383 2735 ᾔνεσα

198 2750 371 2840 μορφήν,
396 2751 540 2816 611666
562 2751 665 2835 magis
688 2772 783 2836 quam
806 2751 893 2836 apud
915 2750 1076 2814 Nasonem
1086 2748 1284 2814 ··Discordiae
1308 2749 1384 2813 mali

197 2856 317 2919 mentio
340 2855 392 2936 fit,
417 2854 517 2939 quod,
541 2862 577 2918 nt
598 2877 657 2940 par
680 2863 728 2918 661
735 2903 744 2936 ,
767 2864 864 2939 poeta
887 2877 941 2936 eo,
966 2876 1028 2939 quo
1051 2852 1119 2937 ipsc
1142 2873 1211 2914 rem
1235 2851 1383 2934 absolvit,

196 2958 268 3022 1666
283 2958 407 3022 Veneri
429 2979 448 3020 a
469 2957 587 3022 Paride
612 2956 725 3021 donari
746 2957 840 3042 fingit
856 2963 898 3038 (V.
917 2962 977 3025 167
995 2960 1064 3041 sq.).
1100 2952 1174 3034 Qua
1195 2955 1229 3018 in
1251 2978 1287 3019 re
1311 2979 1384 3020 oon-

197 3061 316 3124 sentirc
340 3060 521 3124 Lucienum
545 3064 578 3142 (ἓ
601 3061 656 3145 16)
679 3082 784 3145 paene
806 3083 872 3124 non
894 3082 973 3146 opus
997 3069 1046 3123 est
1068 3059 1202 3122 moneri.
1244 3070 1247 3076 '

283 3163 390 3228 (lausa
413 3173 521 3228 autem
545 3163 724 3228 diiudicata
738 3163 912 3246 Venerem,
938 3161 1063 3226 scilicet
1085 3183 1149 3225 una
1172 3184 1245 3225 cum
1263 3161 1387 3226 deabus
1466 3195 1469 3200 ¹

199 3268 326 3348 ceteris,
344 3267 452 3331 statim
468 3266 510 3331 ad
526 3288 658 3351 superos
674 3266 865 3330 redeuntem
881 3265 966 3329 Naso
983 3264 1074 3329 facit:
1098 3264 1186 3349 apud
1200 3264 1386 3330 Oolluthum

200 3369 348 3452 eandem,
372 3370 428 3434 ubi
451 3370 631 3456 praemium
654 3369 791 3454 accepit,
816 3368 857 3432 ob
880 3370 1050 3433 victoriam
1073 3368 1226 3454 superbia
1243 3369 1387 3434 inflatam

199 3474 233 3536 in
248 3473 405 3537 Iunonem
430 3484 463 3538 61
477 3473 659 3537 Minervam
683 3471 837 3536 conviciis
860 3471 1153 3536 vehementissimis
1172 3472 1284 3535 invehi
1298 3472 1388 3537 vido-

200 3599 271 3640 mus
294 3581 338 3658 (v.
365 3582 425 3645 172
449 3582 541 3663 sqq.).
580 3575 676 3655 Quod
699 3575 760 3639 6161
781 3584 817 3638 ut
840 3577 971 3640 minime
995 3586 1105 3661 aptum
1129 3597 1234 3660 neque
1252 3574 1389 3639 Ovidius

200 3702 262 3743 nec
279 3678 443 3744 Lucienus
459 3680 492 3743 in
507 3702 601 3744 usum
617 3688 856 3761 converterunt,
874 3687 907 3742 et
921 3679 1026 3765 ipsum
1041 3701 1061 3742 a
1076 3676 1227 3742 Collutho
1245 3679 1390 3762 quamvis

200 3783 299 3847 nimio
316 3783 467 3847 carminis
482 3782 646 3847 rhetorice
658 3781 794 3847 ornandi
807 3781 912 3846 studio
925 3781 1156 3868 amplificatum
1169 3781 1212 3844 ad
1224 3781 1391 3867 exemplar

200 3885 448 3950 alexandrinum
477 3908 665 3972 expressum
689 3908 759 3950 esse
784 3884 937 3950 contendi
959 3884 1046 3949 11661.
1091 3883 1138 3947 Eo
1163 3885 1248 3948 enim
1271 3885 1390 3970 optime

201 3990 388 4074 exponitur,
420 4001 555 4075 quantas
577 3990 658 4054 Iuno
689 4000 721 4054 et
743 3989 908 4070 Minerva,
940 3986 1021 4052 deae
1053 4009 1116 4051 non
1140 3985 1240 4051 solum
1265 3998 1392 4073 spretae

201 4093 258 4158 sed
283 4093 380 4156 etiam
397 4094 600 4159 contumeliis
617 4093 766 4177 affectae,
791 4116 863 4157 cum
880 4091 997 4156 Paride
1014 4090 1227 4177 omnibusque
1245 4089 1393 4156 Troianis

287 4283 308 4352 ¹)
328 4283 367 4338 Cf.
381 4284 474 4339 Rohde
486 4301 512 4353 p.
528 4284 577 4337 156
591 4284 651 4338 adu.
665 4287 688 4337 2.
720 4282 844 4339 Ceterum
864 4285 949 4351 prima
961 4285 1040 4338 huius
1054 4284 1259 4351 comparationis
1273 4284 1395 4352 exempla

202 4369 275 4424 dedit
293 4370 428 4426 Homerus
448 4371 485 4437 (a
496 4372 555 4427 699.
577 4372 660 4425 1389.
680 4369 747 4424 114.
769 4371 846 4438 937)-
