3214 4854
730 319 941 383 ..3ss-

244 485 392 564 absolvit,
416 486 461 548 ita
483 485 583 548 fusius
602 484 754 548 Medeam
777 485 973 549 referentem
997 485 1122 550 inducit
1145 505 1195 570 ep.
1213 483 1279 546 XII
1295 489 1335 550 73
1351 473 1437 567 sqq.)

244 611 323 674 quos
345 610 457 652 versus
480 588 523 652 ad
538 587 701 674 Apollonii
725 587 910 674 exemplum
931 588 1095 654 confectos
1111 607 1181 660 esse
1196 585 1325 650 iamiam
1341 584 1429 648 vide-

243 691 359 756 bimus.
393 690 461 757 Sed
481 692 758 778 praemonendum
782 701 830 755 est
846 689 1001 756 Ovidium
1025 692 1080 773 eis,
1105 690 1236 776 quaein
1252 687 1430 774 exemplari

245 817 363 879 graeco
385 795 480 860 Iason
508 795 655 882 pluribus
683 796 889 881 persequitur
917 795 1011 875 16616,
1040 794 1211 859 brevitatis
1240 813 1337 856 causa
1364 791 1431 854 feli-

245 899 371 962 cissime
401 900 447 963 ita
476 900 540 980 611,
574 910 610 963 61
639 901 673 962 16
701 921 800 963 unum
830 920 1011 972 sermonem
1041 905 1236 962 coartentur.
1287 895 1431 959 Primum

243 1002 343 1088 igitur
364 1002 545 1067 Aesonides
570 1002 698 1090 puellae
722 1000 943 1066 misericordia
965 1000 1136 1088 implorata
1159 998 1325 1063 ‘auxilium
1349 1021 1431 1062 sum-

244 1107 340 1168 missa
362 1126 444 1170 voce
467 1105 603 1191 rogavit'
615 1106 639 1192 ¹)
663 1106 713 1170 his
736 1105 846 1171 verbis
869 1128 919 1191 ep.
944 1105 1012 1168 XII
1036 1110 1076 1172 ’13
1099 1126 1181 1189 sqq.:

331 1245 389 1306 ‘ius
411 1243 472 1308 tibi
495 1254 528 1309 et
550 1244 720 1309 arbitrium
742 1253 871 1309 nostrae
893 1243 1021 1308 fortuna
1043 1241 1153 1306 salutis
1233 1315 1237 1322 q

398 1347 532 1411 tradidit
553 1349 651 1433 inque
675 1357 730 1412 tua
753 1358 803 1412 est
824 1349 956 1433 vitaque
980 1368 1128 1432 morsque
1151 1367 1257 1409 manu.

245 1455 296 1518 15.
330 1450 470 1536 perdere
492 1473 585 1537 posse
608 1460 657 1514 sat
680 1461 739 1532 661,
762 1453 789 1515 61
812 1474 908 1537 quem
930 1451 1022 1514 iuvat
1044 1450 1113 1537 ipsa
1134 1444 1290 1535 potestas3

400 1552 459 1617 sed
480 1553 540 1618 tibi
563 1563 710 1618 servatus
733 1553 858 1638 gloria
881 1555 982 1618 maior
1005 1575 1070 1618 ero,

329 1681 389 1742 per
410 1656 495 1721 mala
517 1655 626 1722 nostra
647 1680 772 1743 precor,
797 1679 932 1744 quorum
955 1667 1047 1743 potes
1071 1678 1141 1722 esse
1163 1654 1323 1736 levamen,

397 1783 457 1847 per
479 1784 599 1846 genus
623 1771 656 1824 et
678 1784 798 1826 numen
821 1771 939 1824 cuncta
961 1760 1102 1824 videntis
1125 1761 1202 1840 avi,

328 1886 389 1949 por
410 1863 554 1951 triplices
577 1864 686 1928 vultus
708 1886 892 1951 arcanaque
915 1886 1027 1928 sacra
1048 1864 1207 1945 Dianae,

246 1971 296 2036 80.
400 1976 433 2032 61
455 1969 482 2032 61
504 1968 586 2032 forte
610 1966 733 2053 aliquos
756 1990 836 2051 gens
859 1966 960 2032 habet
982 1967 1044 2032 ista
1067 1967 1161 2032 deos:

316 2070 475 2155 ovirgo,
499 2072 652 2136 miserere
677 2072 750 2154 mci,
775 2072 928 2135 miserere
953 2094 1107 2153 meorum,

400 2173 495 2238 effice
519 2195 570 2238 me
594 2175 716 2238 meritis
740 2184 867 2261 tempus
882 2165 922 2238 in
945 2197 1039 2238 omne
1063 2174 1173 2238 tuum'.

244 2309 297 2373 Ex
319 2311 491 2398 Apollonio
514 2313 548 2375 in
571 2313 844 2399 comparationem
866 2313 976 2376 vocari
999 2322 1131 2399 possunt
1153 2312 1187 2376 hi
1207 2333 1333 2377 versus:
1359 2333 1431 2373 cum

248 2415 409 2478 sententia
438 2439 468 2479 v.
498 2420 696 2502 repraeter
724 2439 755 2482 v.
784 2421 868 2486 1005
891 2439 936 2501 sq.
966 2426 1000 2480 61
1028 2421 1111 2484 1192
1134 2438 1201 2502 sqq.
1227 2415 1433 2479 conferantur

247 2541 278 2580 v·
303 2524 367 2588 990
389 2541 474 2605 sqq.:

404 2659 451 2726 661
475 2658 501 2726 δ’
525 2657 561 2726 ἂν
585 2657 645 2744 ἐγὼ
668 2663 791 2745 τίσαιμι
813 2657 901 2748 χάριν
926 2657 1118 2744 pertinaciter
1143 2657 1283 2747 ἀρωγῆς,

403 2758 423 2848 ἢ
447 2767 554 2847 idum,
580 2759 622 2841 ὥς
646 2767 772 2830 ἐπέοικε
796 2761 940 2850 διάνδιχα
963 2761 1181 2840 ναιετάοντας.

405 2863 545 2950 οὕνομα
568 2866 633 2932 καὶ
657 2863 770 2933 καλὸν
795 2863 911 2953 τεύχων
935 2871 1054 2944 κλέος.

335 3001 398 3064 Ρ61
412 3003 545 3066 numina
560 3011 667 3066 autem
679 3002 774 3066 Iason
787 3001 966 3090 Ouidianus
978 3003 1130 3067 Medeam
1147 3001 1297 3088 implorat
1307 3000 1435 3066 Phoebi

251 3104 449 3188 potissimum
479 3111 512 3169 et
538 3106 685 3170 Hecatae
715 3127 837 3191 perque
866 3107 999 3192 stirpem
1027 3116 1127 3171 totam
1156 3105 1285 3192 puellae
1316 3115 1348 3168 et
1376 3127 1435 3190 per

251 3206 395 3290 pericula
429 3209 649 3295 suscipienda,
684 3210 737 3272 cui
766 3211 945 3274 sententiae
976 3209 1086 3274 similis
1117 3209 1373 3296 deprehenditur
1402 3218 1435 3271 et

253 3331 284 3372 m
308 3320 329 3373 1.
351 3334 383 3374 v.
532 3336 556 3376 .:

288 3332 305 3375 e
406 3317 449 3380 94
471 3336 529 3399 sqq
824 3406 893 3486 ‘per
914 3422 1022 3464 sacra
1045 3400 1229 3464 triformis

381 3501 436 3566 1116
461 3504 569 3587 deae,
592 3505 730 3591 lucoque
753 3505 837 3571 foret
858 3504 945 3591 quod
966 3504 1086 3568 numen
1108 3505 1141 3568 in
1163 3504 1228 3585 1116,

382 3628 505 3693 perque
527 3619 673 3695 patrem
696 3610 819 3674 soceri
842 3618 1029 3672 comentem
1053 3618 1170 3672 cuncta
1191 3607 1301 3688 futuri,

382 3721 581 3798 eventusque
604 3735 677 3778 suos
700 3721 733 3776 et
756 3722 845 3777 tanta
867 3711 1012 3799 pericula
1033 3712 1136 3794 inrat',

254 3819 285 3873 et
308 3812 341 3875 in
363 3813 525 3899 Apollonii
546 3825 706 3901 poemate,
729 3816 785 3881 ubi
807 3814 862 3879 1116
884 3816 1023 3880 Medeae
1046 3840 1076 3879 v.
1101 3821 1164 3885 985
1186 3838 1268 3901 sqq.:

339 4038 360 4106 1)
379 4040 443 4094 Μ61.
462 4040 514 4095 VII
531 4043 573 4095 90.
592 4043 651 4096 coll.
670 4058 711 4110 ep,
729 4040 783 4095 XII
800 4042 823 4094 2.
860 4043 969 4096 Maioris
993 4057 1071 4110 quam
1094 4042 1179 4109 primo
1202 4040 1323 4093 videatur
1341 4041 1436 4093 obtutu

253 4125 378 4192 'ponderis
397 4133 450 4195 est,
469 4128 537 4196 qnod
557 4129 607 4182 hoc
624 4129 652 4181 in
670 4145 791 4182 sermone
808 4129 879 4195 apud
898 4127 1021 4195 Ovidium
1039 4127 1119 4180 Iason
1138 4143 1197 4192 non,
1218 4131 1247 4180 61
1265 4126 1335 4194 apud
1354 4125 1435 4194 Apol·

253 4210 353 4263 lonium
372 4211 407 4280 (v.
420 4213 471 4266 983
483 4213 540 4282 sq),
559 4213 682 4268 Medeam
700 4221 729 4267 ut
746 4214 826 4268 fidem
844 4215 928 4269 sorori
946 4215 998 4268 iam
1018 4214 1107 4267 datam
1118 4213 1252 4282 persolvat
1265 4212 1435 4265 adhortatur:

255 4315 315 4351 nam
334 4298 427 4352 Ovidio
445 4298 581 4365 Iasonem,
604 4307 696 4369 utpote
719 4302 763 4368 qui
782 4300 853 4354 illam
875 4301 954 4355 tidem
977 4300 1065 4354 datam
1089 4315 1148 4353 6666
1171 4299 1295 4364 ignorans
1312 4297 1435 4366 fingatur,

255 4386 337 4438 multo
357 4387 440 4453 magis
459 4387 513 4440 suis
532 4387 564 4439 do
583 4389 663 4442 rebus
681 4387 866 4453 desperantem
884 4386 1008 4441 inducero
1027 4387 1097 4441 licet.
