3242 4860
652 263 918 328 ·—78-

219 428 398 493 tendamus.
443 427 527 492 Nam
551 430 610 493 etsi
632 443 748 516 poetae
772 440 901 495 veteres
911 432 946 518 ¹),
971 447 1126 517 quantum
1148 434 1275 517 scimus,
1299 436 1339 500 de
1363 459 1404 499 ea

220 555 253 594 ro
277 525 365 596 nulla
389 533 517 596 omnino
540 533 642 598 verba
665 533 800 614 faciunt,
824 534 899 599 inde
923 545 1048 618 tamen,
1073 537 1159 622 quod
1181 548 1305 616 tacent,
1330 562 1403 603 con-

219 635 306 700 cludi
328 635 405 700 licet
428 626 607 700 secundum
630 659 684 702 eos
699 637 851 702 Paridem
875 643 970 702 cursu
992 639 1164 725 tranquillo
1179 641 1213 706 in
1229 641 1402 706 Graeciam
1447 645 1452 654 ’

218 741 354 804 ¹venisse.
400 738 497 818 Quod
520 739 657 803 Ovidius
685 740 825 805 feliciter
855 741 887 805 in
916 765 1010 806 usum
1039 765 1130 808 suum
1160 747 1335 828 convertit,
1364 769 1401 810 re

217 853 326 907 tamen
356 844 401 906 ita
429 853 575 924 narrata,
605 853 641 906 ut
670 843 834 908 Venerem
863 844 971 908 Paridi
1002 868 1114 909 auram
1141 848 1352 932 praebentem
1383 873 1401 912 e

217 969 306 1010 more
329 946 624 1011 Alexandrinorum
654 947 764 1036 tingat.
811 949 899 1028 Quos
929 949 1024 1012 deam
1054 972 1097 1013 ex
1125 972 1265 1035 aequore
1292 963 1402 1016 natam

217 1052 344 1114 amasiis
372 1049 599 1134 navigantibus
629 1050 808 1114 subsidium
837 1074 965 1138 semper
993 1052 1154 1117 ferentem
1183 1054 1298 1118 fecisse
1324 1056 1400 1119 satis

215 1163 327 1220 notum
350 1163 398 1218 est
420 1153 476 1238 (cf.
500 1175 528 1216 e.
553 1175 583 1236 g.
601 1152 745 1218 fabulam
761 1153 801 1218 de
817 1154 967 1246 Leandro
983 1155 1233 1244 pervulgatam).
1268 1157 1398 1244 Optime

215 1260 322 1343 igitur,
346 1267 545 1343 quantopere
569 1256 623 1320 illa
645 1256 706 1321 sibi
728 1257 847 1340 faveat,
870 1258 960 1323 Paris
983 1258 1036 1323 hic
1060 1281 1186 1345 quoque
1209 1259 1357 1324 affirmat.

300 1360 456 1424 Versibus
470 1359 679 1445 sequentibus
695 1361 772 1446 (212
788 1361 872 1448 sqq.)
888 1361 1065 1445 Oollutbus‚
1083 1386 1165 1448 quae
1180 1363 1253 1428 loca
1268 1365 1400 1429 Troiani

214 1463 432 1550 praetervecti
454 1465 532 1545 sint,
562 1463 662 1528 fusius
683 1473 807 1545 narrat,
836 1487 915 1528 num
938 1487 981 1528 ex
1003 1466 1180 1531 imitatione
1203 1467 1398 1553 exemplaris

215 1567 427 1648 alexandrini,
449 1568 609 1630 incertum
630 1589 693 1630 nec
715 1577 825 1631 tamen
847 1569 918 1631 veri
937 1568 1100 1651 dissimile,
1123 1592 1318 1657 quamquam
1333 1570 1396 1634 hac

127 1691 135 1700 ·
214 1672 383 1736 occasione
413 1670 489 1734 data
511 1693 600 1734 suam
624 1671 721 1756 ipsius
745 1670 940 1754 doctrinam,
970 1673 996 1735 si
1019 1695 1082 1758 qua
1104 1674 1233 1738 omnino
1255 1674 1397 1738 imbutus

214 1786 292 1857 erat,
315 1774 468 1839 facillime
490 1797 670 1860 proponere
693 1775 806 1860 potuit.
841 1774 967 1839 (lartius
991 1786 1099 1841 autem
1122 1775 1163 1839 de
1179 1800 1209 1840 v.
1225 1782 1396 1847 213-218

212 1878 350 1942 iudicari
371 1877 458 1942 licet.
493 1877 607 1942 Suavis
624 1879 711 1942 enim
725 1877 767 1941 de
783 1877 935 1964 Phyllide
951 1878 1091 1961 fabulae,
1115 1901 1197 1964 quae
1212 1879 1274 1944 illis
1290 1881 1396 1945 obiter

211 1982 451 2068 perstringitur,
483 2004 557 2045 cum
586 2004 658 2045 eam
686 2004 705 2044 a
727 1980 926 2046 Callimacho
949 1982 983 2045 in
1005 1981 1108 2046 Astiis
1131 1992 1302 2047 tractatam
1326 2006 1396 2048 esse

211 2084 352 2149 Knaack
373 2083 555 2148 luculenter
577 2084 847 2148 demonstraverit
858 2086 894 2171 ²),
918 2095 1144 2168 argumentum
1167 2079 1395 2150 exBattiadae

210 2189 367 2253 memoria
399 2187 585 2252 Oollutbum
623 2187 691 2274 (vel
729 2189 796 2252 eius
833 2188 1013 2274 auctorem)
1051 2191 1192 2275 poemati
1225 2189 1395 2254 inseruisse

211 2301 354 2378 apparet.
378 2289 445 2356 Sed
460 2313 542 2376 quae
556 2290 723 2354 Oclluthus
739 2290 780 2356 de
796 2292 912 2356 itinere
929 2316 948 2356 a
961 2291 1079 2356 Paride
1090 2300 1221 2378 praeter
1234 2292 1395 2357 Graeciae
1421 2359 1427 2371 ‚

211 2418 301 2460 oram
328 2395 413 2459 facto
442 2394 541 2458 tradit
563 2395 608 2480 (v.
632 2399 695 2464 219
718 2396 818 2484 sqq),
848 2407 914 2461 tam
944 2397 1080 2461 obscure
1108 2389 1237 2481 tamque
1261 2395 1394 2462 confuse

210 2510 266 2564 aut
287 2499 329 2564 ab
352 2500 419 2584 ipso
443 2508 498 2561 aut
520 2521 539 2562 a
562 2498 712 2562 codicum
733 2498 871 2563 librariis
891 2499 1098 2580 exhibentur,
1121 2509 1157 2562 ut
1173 2508 1297 2562 certum
1312 2499 1394 2562 iudi-

210 2607 296 2669 cium
318 2626 375 2668 nos
398 2625 538 2686 unquam
561 2601 680 2666 laturos
704 2625 773 2666 esse
795 2624 899 2687 paene
924 2602 1141 2688 desperemus.
1154 2601 1179 2687 3)

266 2747 351 2754 --..--.,

298 2811 316 2881 ¹)
335 2811 410 2865 Unus
429 2811 541 2864 Tzetzes
559 2811 728 2864 hauddubie
747 2816 878 2876 veterum,
897 2809 1010 2864 fortasse
1029 2811 1192 2879 Cypriorum,
1211 2811 1332 2878 vestigiis
1350 2811 1390 2864 in-

208 2902 304 2954 sistens
322 2899 349 2950 in
368 2897 581 2951 Antehomericis
598 2897 662 2950 haec
681 2903 772 2950 hamat
790 2915 813 2950 v.
832 2897 865 2950 96
884 2913 926 2965 sq:

414 2997 502 3067 αὐτὰρ
522 2997 539 3054 ‹i'
555 2999 578 3067 γ’
597 2995 720 3068 ἁλμυρὸν
737 2995 815 3065 ὕδωρ
833 2997 954 3061 πλεύσας
978 3000 1167 3066 Ἐννοσιγαίου

413 3086 440 3147 ἐς
462 3085 594 3154 Σπάρτην
613 3083 834 3154 ἐπαγαλλόμενος
853 3082 920 3146 Διὸς
937 3079 1041 3151 ἤλυθεν
1060 3079 1161 3151 οὔροις.

291 3189 312 3258 2)
332 3189 469 3243 ‘Analecta
486 3188 802 3243 alexandrino-romana
821 3206 846 3256 p.
865 3190 899 3242 29
917 3205 973 3256 sqq.

290 3291 312 3358 3)
331 3291 492 3345 Gravissima
522 3309 585 3346 sane
615 3294 748 3361 quaestio,
780 3307 858 3360 quam
888 3292 933 3344 alii
962 3293 1039 3344 aliter
1068 3291 1204 3345 absolvere
1230 3291 1388 3346 studuerunt

206 3379 250 3444 (cf.
272 3378 359 3431 Abelii
382 3378 444 3432 edit.
467 3395 493 3446 p.
518 3378 551 3431 86
575 3379 655 3446 sqq),
684 3379 716 3431 de
739 3379 842 3431 nominc
866 3375 1024 3446 Erymanthi
1047 3395 1070 3429 v.
1092 3378 1144 3431 226
1168 3377 1290 3430 omnibus
1312 3379 1387 3432 codd.

204 3465 302 3518 tradito
321 3464 420 3517 existit.
457 3464 497 3516 Ac
514 3465 627 3531 primum
646 3464 813 3518 statuendum
831 3471 873 3517 est
889 3463 1065 3532 Erymantho,
1084 3479 1144 3516 cum
1162 3463 1205 3516 hic
1222 3463 1388 3531 intelligatu-

204 3568 256 3604 non
275 3565 357 3613 mons,
376 3549 423 3602 sed
441 3547 547 3614 flumen,
567 3549 636 3617 quod
653 3551 681 3603 in
699 3550 822 3615 Arcadia,
841 3566 894 3603 non
912 3551 939 3603 in
957 3548 1157 3603 Lacedaemone
1175 3555 1223 3614 est,
1243 3549 1310 3602 nihil
1328 3565 1386 3604 esse

205 3655 263 3692 cum
282 3635 391 3689 Eurota.
418 3635 523 3702 Optime
541 3640 629 3688 autem
647 3636 795 3704 corruptela
813 3635 940 3703 explicari
959 3642 986 3688 et
1003 3635 1099 3704 corrigi
1117 3641 1210 3703 potest.
1238 3635 1308 3688 Nam
1325 3635 1387 3704 quia

203 3722 329 3776 Paridem
347 3736 364 3773 a
381 3721 461 3773 maris
479 3721 556 3775 litore
576 3722 678 3774 venisse
695 3727 783 3789 patet,
803 3717 943 3788 εἰαμενοές,
962 3737 1029 3789 quac
1047 3721 1091 3776 hic
1108 3721 1257 3786 laudantur,
1275 3721 1385 3789 paludes

204 3808 320 3863 Eurotae
345 3807 421 3874 aquis
445 3805 551 3859 effectas
574 3805 626 3859 dici
644 3805 813 3860 manifestum
835 3814 882 3860 est.
918 3804 1012 3873 Itaque
1033 3823 1082 3876 pro
1101 3805 1386 3874 Erymanthinomine

203 3893 322 3947 Graefius
340 3893 397 3946 iure
414 3892 555 3961 proposuit
572 3892 732 3946 adiectivum
751 3891 899 3961 ἑριανθεῑς,
917 3893 991 3946 cuius
1009 3891 1120 3946 formam
1133 3892 1278 3946 Schneider
1293 3901 1386 3961 postea

202 3988 273 4034 recte
291 3980 402 4032 mutavit
420 3980 447 4031 in
460 3976 616 4043 ἑριοίνθονς.
643 3978 682 4031 Ac
695 3977 822 4032 vocabula
835 3979 872 4032 sic
885 3979 1031 4045 composita
1041 3977 1232 4031 Alexandrinis
1244 3994 1385 4048 eorumque

202 4066 378 4120 sectatoribus
395 4066 495 4132 optimc
513 4065 654 4118 convenire
673 4080 687 4118 e
705 4065 797 4117 lexicis
815 4063 941 4118 discimus
959 4063 1003 4130 (cf.
1022 4079 1044 4116 e.
1063 4081 1087 4131 g.
1105 4062 1254 4132 ἑρι-ανγής,
1273 4066 1384 4134 -αχθής,

203 4155 327 4220 -βρνχος,
353 4150 478 4218 piures).
515 4150 567 4203 Sed
592 4166 650 4203 cum
675 4167 707 4203 ea
724 4151 842 4218 epitheta
860 4149 1002 4204 admodum
1019 4165 1079 4202 raro
1099 4150 1233 4216 legantur,
1258 4150 1384 4205 facillime

202 4253 265 4290 sane
282 4236 340 4290 fieri
357 4237 451 4303 potuit,
471 4242 500 4287 ut
518 4237 608 4289 nescio
621 4236 664 4304 qui
676 4237 798 4289 librarius
811 4236 877 4289 illud
890 4243 988 4289 temere
1001 4239 1124 4288 mutaret.
1147 4233 1269 4304 Denique
1281 4238 1383 4292 Eurota

202 4323 307 4375 flumine
326 4339 406 4389 super
425 4323 496 4388 ripas
515 4336 594 4388 saepe
614 4319 696 4374 effuso
710 4327 736 4374 et
748 4323 775 4374 in
787 4337 833 4374 ora
845 4322 978 4375 maritima
990 4328 1018 4373 et
1030 4321 1056 4372 in
1068 4320 1264 4376 mediterranea
1276 4326 1382 4392 regione
