3214 4854
716 318 928 380 „14-

233 484 286 548 vel
309 483 438 548 Canace
462 505 511 568 ep.
535 483 585 546 XI
609 489 668 553 101
694 507 776 571 sqq.:

341 603 429 668 ‘tolle
453 603 567 690 procul
590 604 728 689 decepte
752 604 856 670 faces
879 605 1101 688 Hymenaeo
1124 604 1280 668 maritas

387 716 419 770 et
441 706 518 792 fuge
540 707 669 772 turbato
691 718 779 772 tecta
800 707 941 772 nefanda
963 705 1064 792 pade;

339 811 422 875 ferte
445 811 533 878 faces
554 813 589 875 in
611 834 673 892 me,
697 833 776 897 quas
798 810 898 894 fartis,
921 809 1088 897 Erinyes
1111 820 1231 894 atrae,

387 923 420 979 et
435 937 526 980 meus
542 937 585 978 ex
600 915 659 980 isto
675 915 784 979 luceat
799 915 875 1008 igne
890 938 932 979 ro
941 915 1027 1000 gus'
1051 913 1150 1001 (adde
1168 937 1218 1000 ep.
1230 913 1314 978 XXI
1328 918 1413 1004 172).

231 1053 301 1117 Has
338 1053 514 1117 sententias
548 1076 590 1118 ex
623 1052 921 1118 Alexandrinorum
954 1075 1043 1117 more
1078 1054 1181 1118 dictas
1214 1075 1284 1118 esse
1319 1053 1415 1119 docet

233 1179 406 1222 consensus
429 1154 541 1220 Ovidii
567 1165 601 1220 st
622 1157 756 1222 Antonii
779 1155 887 1220 Thalli
908 1159 943 1221 in
965 1156 1098 1221 Anthol.
1121 1157 1223 1221 Palat.
1247 1157 1312 1221 VH
1337 1162 1412 1228 188:

323 1276 509 1364 Ιδύςδαιμον
532 1275 735 1360 Κλεάνασσα,
761 1277 797 1347 σὺ
822 1279 877 1364 μὲν
901 1274 994 1370 γάμῳ
1021 1283 1122 1363 ἔπλεο,
1147 1279 1254 1369 κούρη,

388 1379 487 1469 ὥριος,
512 1379 656 1470 ἀκμαίης
679 1376 730 1449 οἷά
754 1379 781 1450 τ’
805 1381 854 1470 ἐρ’
877 1367 1017 1470 ἡλικίης·

341 1482 422 1553 ἀλλὰ
445 1496 530 1563 τεοῖς
552 1483 729 1571 λαλάμοισι
752 1483 1012 1570 γαμοστόλος
1035 1484 1105 1574 οὐχ
1128 1482 1343 1572 Ὑμέναιος

387 1582 464 1655 οὐδ’
484 1585 612 1676 Ἥρης
635 1590 779 1675 ζνγίης
800 1586 1014 1675 λαμπάδες
1035 1587 1249 1676 ἠντίασαν,

340 1693 495 1776 πένῖλιμος
517 1689 584 1758 ἀλλ’
603 1690 718 1778 Ἀΐδης
741 1689 957 1776 ἐπεκώμασεν,
982 1690 1065 1778 ἀμφὶ
1088 1691 1114 1760 δ’
1132 1689 1293 1780 Ἐρινύς

388 1797 548 1879 φοίνιος
571 1798 608 1862 ἐκ
632 1792 799 1880 στομάτων
823 1791 1004 1882 μόρσιμον
1027 1786 1104 1882 ἧκεν
1126 1792 1204 1864 ’dua'

339 1892 467 1981 η’μμοιτι
490 1896 516 1964 δ’
542 1888 564 1988 ᾧ
587 1908 738 1984 νυμφεῐος
762 1894 921 1984 ἀνηπτετο
944 1895 1091 1984 λαμπάδι
1113 1896 1251 1982 παστάς,

386 1997 488 2092 τούτῳ
512 2003 685 2088 πνρκαῖη
694 2024 723 2080 ς,
749 1997 783 2068 ού
807 1997 963 2088 λαλάμων
988 2005 1098 2088 ἔτυχες

653 2111 655 2118 “
867 2102 957 2192 (vide
979 2102 1118 2190 Dilthoy
1141 2103 1241 2190 ‘Oyd’.
1263 2127 1294 2190 p.
1318 2105 1383 2188 91).

231 2224 407 2288 Praeterea
430 2245 503 2287 cum
525 2223 663 2287 Didonis
687 2222 842 2310 epistulae
865 2247 896 2288 ν.
920 2229 962 2294 95
985 2232 1060 2309 apte
1084 2224 1229 2288 conferas
1251 2223 1414 2309 Apollonii

231 2326 348 2409 locum,
373 2326 439 2409 ubi,
464 2327 539 2390 dum
556 2327 651 2390 Iason
674 2336 749 2392 ante
764 2321 889 2414 Aeetae
909 2327 1011 2392 boves
1027 2326 1204 2391 domandos
1219 2350 1312 2391 sacra
1326 2327 1413 2410 facit,

232 2431 339 2495 omina
360 2429 500 2494 infausta
522 2429 669 2493 similiter
690 2429 875 2495 indicantur
890 2430 955 2517 (HI
974 2435 1054 2500 1218
1071 2430 1148 2518 sq.):
1173 2437 1207 2498 αἳ
1223 2431 1249 2499 δ’
1266 2429 1413 2513 ὂλὸλνξαν

231 2533 352 2622 νύμφαι
375 2529 545 2619 ἑλειονόμοι
568 2538 784 2620 ποταμιτίδες.
1367 2530 1376 2536 ’

319 2636 429 2701 Ceteri
443 2646 559 2722 poetae
575 2636 697 2701 Iasonis
712 2635 980 2724 Hypsipylaeque
995 2639 1124 2723 nuptias
1139 2659 1237 2725 quam
1251 2636 1413 2702 levissime

231 2748 366 2825 tangere
399 2742 475 2804 satis
508 2739 676 2828 habentl)
727 2739 915 2826 Apollonius
944 2763 1022 2805 vero
1053 2741 1241 2805 circuitione
1274 2741 1414 2828 quadam

232 2842 379 2908 adhibita
408 2866 478 2908 rem
509 2843 647 2908 eandem
676 2843 811 2929 profert,
847 2866 921 2908 cum
951 2843 1131 2908 Herculem
1158 2844 1265 2908 Iasoni
1295 2844 1414 2908 diutius

232 2947 318 3033 apud
340 2949 486 3032 reginam
501 2956 661 3012 remorato
676 2949 794 3012 iratum
809 2946 892 3011 haec
909 2945 1073 3011 dicentem
1088 2947 1186 3012 faciat
1201 2972 1231 3012 v.
1249 2951 1311 3016 872
1327 2970 1412 3032 sqq.:

837 3067 890 3137 τον
914 3067 940 3136 δ’
965 3069 1008 3137 ἐνὶ
1029 3073 1173 3158 λέκτροις

389 3160 572 3258 Ὑψιπύλης
595 3176 680 3240 εἰᾶτε
705 3167 894 3261 πανήμερον,
920 3167 1024 3240 εἰσόκε
1047 3175 1172 3261 Λῆμνον

389 3275 492 3344 παισὶν
516 3273 694 3364 ε’ςανδριύση
719 3273 842 3362 μεγάλη
866 3279 904 3342 τέ
926 3279 942 3342 ἕ
964 3273 1055 3358 βάξις
1077 3278 1197 3364 ἵκηται.

233 3394 387 3474 Quaestio
415 3403 523 3458 autem
546 3394 634 3458 haud
655 3394 759 3459 facilis
782 3403 873 3458 extat
896 3394 936 3457 de
959 3394 1068 3459 verbis
1091 3416 1140 3479 ep.
1164 3393 1212 3456 VI
1233 3399 1274 3462 47
1298 3393 1413 3457 ‘Dodo-

230 3499 304 3562 nide
326 3498 422 3583 pinu'.
460 3497 598 3562 Codices
621 3499 706 3561 enim
729 3519 839 3562 omnes
863 3497 1021 3562 exhibent
1041 3497 1215 3562 lectionem
1235 3496 1413 3560 ‘Tritonide

232 3602 328 3686 pinu’,
352 3624 487 3688 quorum
511 3611 624 3666 contra
645 3601 870 3665 auctoritatem
884 3601 1046 3665 Maximus
1060 3601 1223 3665 Planudes
1238 3598 1414 3664 monachus

232 3705 266 3766 in
298 3704 494 3788 metaphrasi
528 3704 738 3790 epistularum
772 3704 1006 3769 Ouidianarum
1040 3727 1057 3768 e
1091 3704 1190 3769 latino
1225 3697 1412 3788 exemplari,

233 3807 320 3892 quod
349 3817 422 3871 ante
454 3808 562 3872 oculos
585 3808 712 3889 habuit,
743 3806 833 3870 illum
855 3831 984 3872 versum
1008 3808 1054 3872 sio
1077 3808 1187 3872 vertit:
1218 3811 1249 3875 τί
1272 3833 1325 3892 μοι
1347 3819 1417 3884 τοῖς·

233 3907 381 3991 Μινύαις,
406 3915 437 3979 τί
454 3940 506 3997 μοι
522 3919 562 4002 τη
578 3923 633 3980 Ao
644 3919 660 3980 ὃ
671 3916 780 3980 ωνίδι
795 3916 875 4000 νηΐ,
898 3912 950 3975 Ac
966 3911 1054 3998 quod
1068 3910 1203 3974 latinum
1219 3907 1414 3973 vocabulum

232 4011 326 4097 pinus
352 4035 470 4097 graeco
497 4020 574 4094 ναύς
595 4013 755 4095 reddidit,
785 4015 902 4078 mirum
925 4037 988 4078 non
1012 4022 1072 4095 est,
1103 4014 1178 4100 quia
1201 4010 1263 4075 hoc
1286 4033 1414 4098 semper

233 4115 301 4178 fere
331 4128 478 4202 usurpat,
512 4118 570 4182 ubi
589 4118 692 4203 pinus
721 4139 780 4202 per
808 4118 1039 4204 metonymiam
1069 4115 1196 4179 dicitnr.
1246 4115 1312 4178 Sed
1340 4137 1415 4178 oum

233 4241 357 4248 -—.-.--

319 4289 340 4357 1)
366 4288 405 4347 Cf.
431 4291 505 4344 Pind.
529 4293 605 4360 pyth.
630 4291 669 4345 IV
692 4292 751 4344 255.
793 4290 880 4348 Nonn.
903 4289 981 4343 XXX
1005 4290 1070 4355 205,
1097 4291 1142 4344 ubi
1167 4289 1282 4344 Lemnos
1307 4295 1415 4342 vocatur

234 4376 371 4446 νυμφήιον
385 4371 569 4446 Ὑψιπυλείης.
