3214 4854
717 278 931 341 -50-

231 443 432 528 Pherecydis
455 451 488 506 et
510 441 677 528 Sophoclis
700 445 746 529 (in
763 443 986 530 Colchidibus)
1011 451 1042 507 et
1065 441 1229 528 Euripidis
1253 442 1349 505 etiam
1372 463 1414 502 ex

232 569 304 627 uno,
328 568 390 632 quo
406 545 544 609 Medeae
560 545 666 609 fratris
683 548 838 611 memoria
853 546 899 628 fit,
924 550 1061 615 Erebeis
1076 546 1256 630 fragmento
1273 544 1416 630 sequitur

230 651 356 713 Aeetae
379 647 481 712 filiurn
504 649 585 735 (scil.
601 649 793 736 Apsyrtum)
810 659 887 713 natu
903 672 1011 715 sorore
1027 650 1183 713 minorem
1199 648 1311 712 fictum
1328 669 1414 710 esse:

856 769 973 860 οὐγὰρ
999 775 1036 839 ἐκ
1060 775 1137 858 μιᾶς

437 877 548 962 κοίτης
572 875 737 958 ἔβλαστον·
763 872 829 941 ἀλλ’
852 870 867 941 ὁ
892 875 948 960 μὲν
971 877 1134 963 Νηρηίδος

436 981 546 1045 τέκνον
570 981 715 1066 Νεαίρας
738 973 810 1065 ἄρτι
832 973 1061 1060 βλαστάνεσκε,
1085 973 1142 1064 τὴν
1166 975 1192 1043 δ’

439 1077 542 1148 Ἰδνῖα
566 1083 633 1168 πρίν
658 1079 725 1147 ποτ’
752 1078 913 1147 Ὠκεανοῦ
937 1083 1044 1147 τίκτεν
1068 1077 1145 1168 κόρη
1166 1077 1415 1166 (tgnnoozaw).

317 1217 363 1280 At
385 1218 544 1304 quispiam
567 1215 687 1279 dixerit
708 1214 785 1278 huic
810 1216 1016 1280 coniecturae
1033 1216 1170 1298 obstare,
1194 1211 1280 1303 quod
1295 1217 1416 1280 Aeetes

231 1331 344 1408 postea
366 1320 407 1384 de
432 1329 534 1383 morte
559 1317 805 1382 ‘liberorum’
828 1320 974 1404 queritur
986 1320 1023 1404 ¹),
1048 1343 1126 1406 quos
1150 1331 1182 1383 et
1204 1319 1361 1384 minorem
1385 1329 1417 1382 et

232 1426 387 1490 maiorem
420 1432 499 1485 natu
532 1421 668 1506 intelligi
702 1421 854 1486 Ribbeck
887 1423 1077 1508 suspicatur.
1132 1423 1202 1486 Nec
1236 1434 1346 1487 tamen
1378 1445 1418 1485 ea

232 1527 431 1614 potissimum
469 1547 505 1588 re
543 1524 623 1588 duos
660 1524 776 1588 fratres
813 1535 954 1589 statuere
993 1527 1147 1610 cogimur.
1203 1525 1294 1590 Illius
1331 1526 1417 1588 enim

232 1630 405 1715 fragrnenti
442 1651 552 1692 sensus
588 1628 708 1713 optime
746 1629 792 1692 ita
825 1628 981 1714 explicari
1015 1638 1136 1714 potest,
1174 1639 1209 1693 ut
1241 1629 1418 1693 liberorum

232 1733 391 1798 vocabulo
414 1731 482 1814 vel,
506 1731 581 1817 quia
603 1733 750 1816 usurpari
774 1732 855 1795 solet
875 1732 999 1816 plurale
1022 1740 1160 1815 tantum,
1183 1756 1266 1796 unus
1288 1731 1417 1818 filius2)‚

233 1836 300 1919 vel,
325 1835 410 1921 quod
433 1837 535 1920 magis
558 1834 691 1899 fortasse
715 1835 849 1916 arridet,
872 1836 1024 1899 universa
1045 1835 1171 1900 Aeetae
1194 1835 1300 1922 proles
1323 1835 1418 1918 signi-

233 1940 358 2004 ficetur.

321 2042 414 2122 Quae
438 2042 464 2105 si
485 2051 575 2105 recte
600 2042 815 2126 exposuimus,
839 2040 927 2106 nulla
947 2052 1038 2106 extat
1054 2064 1160 2122 causa,
1185 2063 1243 2104 cur
1257 2040 1299 2105 ab
1315 2039 1418 2103 Accio

212 2137 216 2142 ⁸
235 2146 315 2209 duos
337 2147 422 2229 regis
444 2144 526 2208 filios
549 2143 697 2208 inductos
720 2167 790 2208 esse
810 2146 1017 2209 coniciamus.
1055 2145 1164 2210 Unum
1180 2155 1297 2226 autern,
1322 2166 1420 2228 quem

234 2249 289 2312 ille
311 2248 415 2329 finxit,
439 2258 516 2311 natu
538 2270 602 2311 non
625 2247 779 2310 maiorem
804 2246 861 2310 sed
884 2249 1042 2312 minorem
1056 2247 1176 2312 Medea
1196 2248 1292 2311 fuisse
1310 2268 1418 2309 cume

235 2353 415 2435 fragmento
444 2350 498 2414 illo
528 2373 547 2412 a
570 2349 727 2416 Cicerone
758 2362 903 2433 servate,
934 2351 1052 2436 quippe
1083 2350 1169 2436 quod
1199 2351 1263 2414 iarn
1292 2348 1419 2413 facilius

235 2455 330 2525 Accii
358 2453 487 2518 fabulae
517 2454 691 2535 inseratur,
721 2463 790 2517 tum
819 2477 837 2518 e
865 2463 934 2517 tota
955 2453 1051 2518 huius
1073 2453 1261 2537 tragoediae
1283 2454 1418 2533 ratione,

236 2558 363 2644 qualem
394 2557 453 2642 ipsi
481 2557 683 2621 constituturi
712 2580 835 2638 sumus,
866 2557 942 2620 satis
965 2556 1062 2620 credo
1085 2556 1141 2619 fiet
1164 2566 1321 2642 apertum.
1366 2554 1418 2618 Ac

235 2671 354 2742 totum,
389 2682 450 2745 quo
480 2660 595 2724 melius
624 2670 852 2743 cognoscatur,
882 2658 1011 2722 fabulae
1035 2668 1261 2743 argumentum
1282 2660 1419 2744 proponi

236 2763 343 2828 liceat.

321 2865 398 2928 Eius
420 2865 519 2949 igitur
541 2865 668 2928 initium
683 2865 866 2930 Ribbeekio
891 2864 1136 2929 concedendum
1160 2873 1208 2928 est
1229 2864 1293 2927 tale
1309 2853 1418 2946 fuisse,

236 2980 272 3032 ut
293 2991 411 3031 navem
433 2967 545 3052 procul
568 2969 878 3055 appropinquantem
900 2979 1008 3054 pastor
1031 2967 1162 3052 quidam
1181 2965 1354 3052 Scythicus
1378 2967 1419 3030 de

237 3081 345 3134 monte
376 3071 575 3156 prospiceret
604 3080 636 3134 et
669 3070 709 3134 de
740 3093 779 3134 ea
807 3071 948 3136 mirabili
976 3094 1012 3135 re
1041 3093 1152 3134 secum
1182 3069 1421 3158 colloqueretur

238 3174 328 3260 (lgm.
352 3174 377 3236 l.
402 3173 443 3235 ll.
468 3173 527 3238 ΙΙΙ.
555 3173 637 3260 Vl).
683 3173 842 3238 Celeriter
864 3184 973 3263 autem
997 3175 1098 3238 ceteri
1121 3184 1279 3260 pastores,
1310 3175 1421 3260 quiet

237 3277 298 3362 ipsi
320 3277 412 3340 navis
435 3286 569 3359 aspectu
590 3277 755 3362 perterriti
777 3300 794 3341 e
817 3277 949 3362 planitie
972 3279 1007 3341 in
1028 3287 1171 3341 montem
1194 3277 1358 3362 fugerunt,
1387 3277 1420 3340 in

238 3402 389 3444 scaenam
415 3419 458 3426 -
487 3379 668 3444 utchorus
689 3420 733 3428 —-
754 3381 927 3466 prodeunt,
957 3382 1043 3444 unde
1073 3403 1191 3445 navem
1221 3380 1421 3444 admirantur

240 3483 330 3568 (fgm.
349 3483 420 3567 IV).
454 3484 553 3546 Brevi
574 3493 646 3568 post
667 3483 780 3548 Iasone
803 3507 868 3547 una
890 3506 964 3546 cum
980 3483 1098 3548 Medea
1121 3485 1155 3547 in
1177 3506 1328 3547 scaenam
1350 3507 1420 3569 pro-

240 3585 348 3664 ducto,
379 3585 456 3648 dum
486 3584 571 3670 apud
599 3595 744 3672 pastores
772 3586 942 3668 barbaros,
974 3609 1038 3672 qua
1068 3588 1108 3651 de
1133 3609 1230 3651 causa
1252 3587 1341 3672 Argo
1365 3611 1420 3652 ex-

239 3697 361 3752 structa
372 3689 421 3770 sit,
433 3688 579 3773 pluribus
592 3691 725 3774 exponit
737 3689 827 3776 (fgm.
838 3690 910 3752 Vll.
920 3689 1035 3776 Vlia),
1048 3689 1089 3753 de
1103 3690 1264 3776 hospitum
1276 3689 1421 3755 adventu

241 3791 359 3855 certior
391 3790 495 3855 factus
528 3792 595 3877 ipse
629 3815 689 3856 rex
723 3791 918 3876 Scytharum
951 3793 1057 3874 venit,
1096 3803 1132 3857 ut
1162 3816 1216 3858 eos
1244 3793 1356 3858 videat
1386 3804 1419 3857 et

317 3983 347 4049 J)
366 3983 441 4049 Fgm.
461 3979 526 4033 XVI
544 3981 580 4034 R:
601 3983 712 4049 ‘pernici
730 3981 854 4036 orbificor
869 3983 1012 4038 liberorum
1030 3986 1083 4038 leto
1102 3991 1128 4038 et
1147 3983 1317 4041 tabificabili'.

325 4068 348 4136 ²)
366 4069 451 4122 Huius
464 4084 527 4120 usus
539 4070 667 4135 exempla,
686 4068 782 4136 quibus
794 4067 862 4121 adde
874 4069 960 4122 Plaut.
973 4070 1033 4121 Aul.
1045 4067 1084 4122 IV
1098 4071 1138 4136 10,
1153 4071 1176 4136 6,
1195 4070 1301 4138 collegit
1311 4071 1421 4124 Kithner

242 4157 387 4230 ‘grammat
405 4153 460 4208 lat!
477 4151 505 4206 II
522 4153 537 4222 ξ
556 4156 598 4218 23,
617 4155 640 4206 8.
657 4183 689 4192 -
703 4152 828 4208 Ceterum
845 4153 878 4207 de
896 4171 948 4207 uno
966 4153 1020 4207 filio
1038 4156 1084 4208 illa
1097 4155 1170 4209 Accii
1190 4156 1270 4208 verba
1288 4155 1340 4208 dici
1359 4161 1420 4208 ante

241 4242 320 4294 etiam
333 4241 453 4294 Ribbeck
470 4241 574 4308 putavit
592 4240 618 4292 in
637 4240 830 4308 ‘quaestionum
848 4256 934 4294 scaen.
953 4241 1086 4294 mantissa'
1105 4241 1181 4307 libro,
1200 4257 1251 4307 qno
1269 4249 1336 4306 trag.
1355 4255 1420 4292 rom.

241 4327 366 4394 reliquias
385 4327 524 4390 recensuit,
543 4326 667 4379 adiuncta
685 4325 758 4394 (edit.
776 4327 790 4379 l
807 4342 833 4393 p.
852 4327 921 4393 318),
