3214 4854
717 231 912 358 48ss

222 437 317 522 eique
341 445 491 521 exponat,
515 444 635 522 quanta
650 433 767 497 iniuria
783 455 820 498 ac
837 432 1032 498 contumelia
1048 454 1092 514 se,
1115 432 1201 515 regis
1216 430 1404 494 nobilissimi

222 539 331 622 filiam,
347 539 479 603 afficere
495 559 590 602 ausus
606 538 655 620 sit,
671 537 776 600 minus
791 536 907 600 usitato
923 536 1052 600 nomine
1069 534 1280 600 Thoantiadis
1295 533 1405 614 utitur,
1418 550 1422 554 ’

222 664 306 728 quae
332 643 435 707 forma
462 641 548 729 apud
571 641 673 705 solum
695 637 901 725 Apollonium
924 639 1044 724 legitur
1066 639 1120 725 (ef.
1144 638 1161 701 I
1184 643 1257 706 637.
1281 637 1367 723 712).
1391 637 1404 722 l

308 745 464 810 Thoantis
488 744 628 831 denique
650 752 801 830 parentes
823 743 991 822 Bacchum
1014 751 1047 807 et
1068 728 1264 823 Ariadnam,
1289 741 1405 806 Minois
1467 746 1471 754 '

222 848 338 931 filiam,
371 849 469 912 luisse
503 847 685 935 Hypsipyle
719 855 864 936 testatur.
894 845 991 936 ,Qua
1022 848 1057 910 in
1090 868 1126 910 re
1161 844 1298 909 Ovidius
1332 867 1405 909 cum

224 953 340 1017 ceteris
369 951 577 1037 scriptoribus
601 936 762 1038 conspirat
773 950 814 1036 Ι),
844 949 1034 1037 ApoHonius
1057 972 1135 1018 vero
1159 949 1200 1014 de
1223 949 1285 1012 illis
1308 958 1404 1013 tacet.

112 1067 115 1076 '
222 1055 331 1120 Nihilo
353 1055 459 1118 minus
482 1055 579 1118 etiam
595 1055 682 1140 apud
698 1077 771 1118 eum
787 1055 934 1140 quamvis
948 1053 1019 1118 loco
1036 1075 1055 1116 a
1070 1053 1252 1117 narratione
1267 1053 1405 1116 Lcmnia

224 1159 329 1223 alieno
352 1158 517 1222 Ariadnae
541 1159 660 1223 mentio
683 1158 734 1222 lit:
759 1158 853 1222 Iason
876 1157 977 1239 enim,
1002 1165 1171 1244 postquam
1192 1155 1345 1238 Medeae,
1369 1167 1405 1219 ut

223 1263 380 1326 auxilium
408 1263 468 1326 sibi
498 1261 684 1348 praeberet,
714 1261 798 1325 illius
822 1261 1007 1346 exemplum
1030 1261 1193 1348 proposuit
1215 1259 1405 1323 imitandum

223 1365 287 1450 (ΙΙΙ
309 1371 371 1436 997
396 1367 488 1454 sqq.),
512 1366 595 1430 hacc
619 1365 717 1430 verba
739 1365 817 1428 facit
840 1389 870 1430 v.
896 1369 976 1434 1001
1002 1387 1086 1451 sqq.:

470 1492 473 1498 ¹
498 1500 500 1504 ¹
875 1488 877 1494 ἲ
935 1507 963 1572 οἱ
986 1505 1020 1570 δὲ
1043 1504 1099 1570 καὶ
1123 1501 1212 1570 αὐτοί

380 1606 541 1697 ἀῖιοίνατοι
565 1612 708 1695 φίλαντο,
733 1612 819 1698 μέσῳ
844 1612 880 1674 δέ
902 1610 931 1674 οἱ
954 1611 1059 1693 αἰῖιέρι
1082 1611 1207 1694 τέκμαρ

380 1710 541 1800 ἀστερόεις
565 1716 731 1799 στέφανος,
756 1707 846 1778 τόντε
870 1709 1005 1778 κλείονσ’
1032 1707 1210 1797 Ἀριάδνης,

379 1813 534 1902 πάννυχος
559 1813 711 1904 οὐρανίοις
736 1819 927 1882 ἐνελίσσεται
951 1811 1127 1881 εἰδώλοισιν.

380 1915 421 1996 ὣς
444 1919 500 1984 καὶ
524 1919 570 1986 σοὶ
593 1915 711 1986 artua
735 1916 825 2006 χάρις
851 1923 977 1986 ἔσσεται
1000 1915 1098 2002 (adde
1122 1914 1221 1980 schol.
1246 1917 1334 2002 997).

219 2056 287 2145 ΙΗὶτ
311 2065 418 2119 autem
442 2077 596 2139 magnum
618 2055 767 2120 videmus
790 2077 859 2119 esse
885 2054 1058 2118 discrimen
1080 2055 1164 2118 inter
1187 2077 1235 2136 ea,
1259 2077 1342 2141 quae
1367 2054 1407 2117 de

222 2157 369 2222 Ariadna
393 2157 482 2221 caelo
506 2169 639 2245 recepta
653 2159 843 2244 Apollonius
866 2180 1015 2244 quaeque
1037 2156 1159 2243 profert
1175 2157 1328 2222 Ovidius:
1353 2158 1407 2222 ille

225 2261 311 2324 enim
344 2283 548 2325 communem
582 2271 711 2327 secutus
739 2263 928 2326 memoriam
958 2262 1109 2325 coronam
1139 2271 1277 2343 tautum,
1311 2284 1409 2348 quam

223 2363 374 2428 Bacchus
406 2363 572 2432 Ariadnae
607 2364 690 2430 dono
725 2365 877 2447 dederat,
911 2366 996 2429 inter
1030 2364 1137 2428 sidera
1169 2364 1304 2428 relatam
1339 2387 1408 2428 esse

224 2467 318 2552 fingit
330 2468 371 2555 ³),
402 2467 456 2531 hio
480 2468 657 2532 Minoidem
686 2469 787 2555 ipsam
819 2491 936 2533 corona
964 2467 1020 2531 illa
1049 2471 1195 2531 ornatam
1218 2469 1301 2534 inter
1324 2477 1410 2532 astra

224 2570 419 2655 fulgentem,
451 2571 539 2658 quod
567 2582 697 2658 praeter
720 2571 877 2636 Ovidium
902 2594 997 2636 nemo
1019 2572 1079 2636 nisi
1101 2571 1288 2658 Propertius
1310 2571 1409 2636 tradit

224 2675 257 2736 in
280 2674 411 2760 hymno,
436 2697 498 2762 quo
521 2676 671 2740 Bacchus
695 2676 888 2758 celebratur,
912 2675 962 2740 III
986 2680 1035 2757 17,
1061 2680 1078 2742 7
1103 2698 1165 2761 sq.:

345 2817 387 2876 ‘te
411 2836 538 2900 quoque
562 2816 648 2878 enim
669 2837 733 2878 non
757 2838 827 2879 esse
849 2815 963 2878 rudem
986 2822 1122 2878 testatur
1143 2815 1177 2877 in
1200 2815 1291 2880 astris

443 2917 593 3002 lyncibus
615 2917 658 2981 ad
681 2917 807 2982 caelum
828 2927 925 2982 vecta
946 2917 1093 2981 Ariadna
1115 2917 1197 2982 tuis!

312 3123 332 3191 ¹)
350 3125 513 3194 Hypsipylae
532 3133 643 3180 matrem
661 3127 801 3196 Myrinam,
821 3125 926 3182 Orethei
945 3127 1027 3180 filiam
1044 3143 1129 3196 neque
1147 3129 1305 3195 Apollonius
1323 3142 1408 3194 neque

226 3209 336 3264 Ovidius
354 3218 494 3275 memorat;
513 3213 546 3266 de
564 3211 659 3266 Lemni
677 3213 775 3280 oppido
794 3213 827 3266 ab
845 3207 915 3266 illius
932 3215 1038 3268 nomme
1056 3213 1190 3282 appellato
1209 3213 1269 3267 vide
1287 3213 1338 3280 Ap.
1357 3213 1407 3265 Rh.

225 3295 238 3347 I
256 3295 308 3348 634
326 3301 353 3349 et
370 3297 451 3350 schol.
470 3298 528 3353 601.
564 3300 651 3366 Etym.
671 3300 707 3351 M.
726 3317 752 3366 p.
771 3297 830 3363 595,
849 3299 883 3351 24
902 3316 921 3352 s.
941 3317 965 3352 y.

311 3380 332 3449 l)
351 3382 390 3436 Cf.
409 3382 487 3436 Diod.
505 3384 530 3434 V
548 3385 589 3439 79.
607 3387 688 3438 schol.
707 3386 758 3452 Ap.
776 3385 827 3438 Rh.
844 3385 886 3438 III
904 3385 962 3439 997.
999 3385 1067 3439 Stat.
1086 3387 1168 3440 Theb.
1188 3384 1212 3438 V
1230 3386 1287 3439 675.
1324 3385 1407 3453 Myth.

226 3468 285 3520 Vat.
309 3467 322 3520 Ι
343 3468 395 3521 204
420 3469 529 3536 (Bode);
557 3471 678 3539 idemque
705 3472 796 3539 stirpis
821 3472 885 3525 ordo
909 3473 1076 3539 cognoscitur
1101 3489 1115 3526 e
1139 3471 1226 3537 Quint.
1250 3471 1351 3538 Smyrn.
1370 3469 1408 3522 IV

225 3555 276 3606 382
295 3569 351 3622 sqq.
369 3583 403 3590 -
421 3553 611 3610 Pseudo-Acro
634 3557 801 3621 scholiastes,
825 3557 869 3625 qui
887 3557 921 3611 ad
939 3557 1003 3610 Hor.
1023 3573 1102 3612 carm.
1121 3558 1133 3611 I
1153 3559 1193 3622 17,
1211 3559 1245 3612 23
1263 3559 1329 3610 haec
1346 3571 1406 3622 pro-

224 3638 288 3693 fert:
308 3639 366 3694 ‘fuit
385 3641 526 3708 Thyoneus
543 3642 614 3696 filius
631 3641 731 3707 Liberi,
750 3645 796 3710 qui
813 3645 841 3696 in
854 3641 919 3696 Chio
937 3644 1025 3697 Insula
1041 3645 1171 3712 regnavit,
1190 3650 1268 3712 pater
1280 3642 1409 3696 Thoantis

224 3726 308 3792 regis,
331 3726 405 3780 cuius
427 3726 482 3780 filia
504 3728 554 3781 fuit
571 3728 725 3798 Hypsipyle‘
745 3746 811 3797 eos,
831 3730 919 3783 nescio
942 3746 975 3782 an
993 3730 1021 3783 in
1039 3747 1155 3785 errorem
1174 3730 1303 3784 inciderit.
1340 3729 1408 3784 Nam

225 3811 366 3878 Thyoneus
389 3829 492 3882 semper
515 3814 672 3882 intelligitur
693 3816 816 3870 Bacchus
838 3817 906 3882 ipse,
930 3833 1063 3884 nunquam
1083 3817 1182 3870 Bacchi
1204 3816 1278 3870 filius
1296 3815 1341 3883 (cl.
1361 3815 1407 3870 Ov.

225 3904 285 3952 met.
298 3895 338 3950 IV
351 3900 390 3954 13.
403 3907 476 3954 recte
489 3901 617 3970 Porphyr.
630 3901 664 3955 ad
676 3903 741 3955 Hor.
753 3901 770 3954 l.
783 3901 819 3968 1.),
840 3903 963 3970 quoniam
975 3903 1117 3970 Thyoneus
1135 3902 1204 3955 filius
1220 3909 1261 3956 est
1273 3903 1407 3970 Thyonae,

224 4000 291 4051 quae
304 3992 344 4037 est
357 3984 460 4040 Semele
472 3987 542 4040 inter
554 3987 618 4040 deos
631 3995 738 4055 recepta
750 3987 794 4053 (cf.
807 3988 894 4055 hymn.
907 3990 978 4042 horn.
991 3990 1032 4052 34,
1045 3990 1087 4041 21.
1101 3988 1180 4042 schol.
1195 3987 1245 4056 Ap.
1260 3987 1309 4040 Rh.
1324 3989 1335 4039 I
1348 3988 1406 4040 636.

224 4069 310 4123 Noun.
329 4071 342 4124 Ι
360 4069 459 4140 acu).

278 4227 280 4231 Ι
310 4153 331 4224 ³)
351 4154 390 4210 uf.
410 4158 489 4210 etiam
509 4158 555 4210 Ov.
575 4175 616 4226 ep.
635 4157 729 4212 XVIII
748 4159 805 4212 151.
835 4166 883 4213 art.
903 4161 915 4214 I
934 4163 992 4214 558.
1020 4163 1081 4214 met.
1095 4160 1160 4214 VIII
1180 4161 1228 4214 177
1242 4177 1296 4228 sqq.
1333 4161 1407 4213 Arat.

224 4243 318 4310 phaen.
338 4243 368 4295 71
380 4259 435 4311 sqq.
465 4243 601 4297 Eratosth.
622 4252 714 4298 catast.
734 4244 765 4297 V.
797 4245 1091 4300 obervetur.
1122 4245 1277 4300 buccone
1297 4245 1406 4300 deor.5.

225 4327 310 4381 Nonn.
331 4329 372 4395 47,
391 4329 449 4382 451.
476 4329 518 4395 48,
538 4329 588 4384 969
607 4348 661 4399 sqq.
698 4331 766 4400 Hyg.
786 4338 884 4387 astron.
902 4333 930 4385 II
948 4332 972 4386 5.
