3242 4860
748 325 963 389 -9ssd

265 491 296 555 A
310 489 465 558 Dardano
485 503 594 556 autem
608 492 734 556 Paridis
750 493 908 576 originem
923 491 1007 557 trahi
1025 503 1159 579 apparet
1175 515 1217 556 cx
1233 515 1283 579 cp.
1298 490 1380 557 VIII
1395 496 1452 575 42,

264 596 321 660 ubi
343 596 433 660 Paris
459 598 500 661 ab
524 595 703 661 Hermiona
725 605 861 661 vocatur
882 595 1068 660 Dardanius
1090 596 1227 660 advena.
1273 598 1388 684 Itaque
1410 599 1453 661 si-

265 699 341 764 mile
364 699 442 785 quid
465 709 632 764 auctorem
654 721 781 786 quoque
797 698 941 764 Colluthi
963 699 996 764 in
1010 710 1160 786 poemate
1176 722 1233 765 suo
1247 701 1452 787 proposuisse

266 803 443 867 concedas:
482 813 551 868 erat
588 803 673 868 enim
707 803 871 868 notissima
903 801 989 866 fama
1022 803 1208 868 divitiarum
1241 806 1450 886 troianarum,

265 929 400 992 quarum
422 907 544 993 primus
566 906 766 972 mentionem
787 906 866 970 fecit
888 905 1059 971 Homerus.
1072 908 1097 994 ¹)

349 1010 461 1094 Pergit
476 1020 585 1096 autem
596 1010 697 1093 Paris,
713 1021 749 1074 ut
763 1009 887 1096 patriae
899 1009 1032 1075 laudem
1041 1020 1170 1095 augeat,
1186 1033 1318 1076 narrare
1331 1011 1450 1076 Troiae

263 1135 372 1178 muros
394 1113 435 1177 ab
458 1113 610 1199 Apolline
634 1137 704 1179 esse
728 1122 910 1178 exstructos
932 1136 963 1178 v.
989 1119 1049 1183 181
1074 1137 1137 1200 sq.:

419 1233 511 1298 ‘Ilion
533 1235 670 1321 aspicies
692 1233 884 1320 firmataque
907 1233 1049 1299 turribus
1071 1234 1144 1300 altis
1155 1239 1181 1320 ⁹)

469 1339 597 1402 moenia
618 1337 793 1402 Phoebeae
816 1347 939 1402 structa
961 1360 1079 1402 canore
1102 1337 1213 1423 lyrae',

263 1476 473 1561 similiterque
503 1475 589 1560 apud
612 1474 799 1540 Oolluthum
828 1485 861 1539 et
882 1475 1035 1539 Paridem
1060 1486 1192 1562 praeter
1217 1499 1329 1541 versus
1351 1502 1452 1566 supra

263 1580 442 1664 exscriptos
452 1579 563 1666 primis
575 1579 684 1643 verbis
695 1578 784 1642 illam
795 1578 938 1643 fabulam
950 1579 1112 1664 attingere
1119 1579 1267 1645 videmus
1274 1606 1306 1645 v.
1313 1585 1378 1651 280
1384 1605 1449 1668 sq.:

393 1703 421 1768 εἴ
442 1699 512 1768 τινά
534 1727 593 1768 που
618 1703 789 1789 Ψρνγίηςῧ)
814 1700 857 1767 ἐνὶ
880 1704 1024 1788 euripum
1047 1712 1140 1790 putas
1164 1698 1303 1784 ἀκούεις,
1386 1781 1388 1786 ,

391 1800 498 1883 Ἴλιον,
522 1800 559 1889 ἣν
582 1801 725 1891 πύργωσε
748 1801 930 1871 Ποσειδάων
954 1804 1010 1872 καὶ
1036 1802 1205 1884 Ἀπόλλων,

263 1950 295 2004 ct
317 1939 478 2005 Helenam
501 1964 532 2004 ν.
556 1945 619 2010 308
642 1962 705 2025 sq.:

393 2060 565 2150 ἀτρεκέως,
590 2052 613 2130 ὦ
638 2063 727 2143 ξεῖνε,
751 2064 828 2150 τεῆς
850 2089 927 2130 ποτε
950 2066 1060 2150 τείχεα
1082 2060 1207 2153 πάτρης

391 2163 427 2233 τὸ
451 2166 519 2253 πρὶν
543 2163 746 2254 ἐδωμήσαντο
770 2163 954 2233 Ποσειδάων
978 2167 1034 2234 καὶ
1061 2163 1237 2246 ’Ano'llor3

262 2303 460 2367 Monendum
489 2313 598 2365 tamen
628 2311 676 2366 est
702 2301 857 2366 Ovidium
888 2325 962 2366 cum
984 2301 1169 2388 Apollinem
1200 2303 1276 2367 artis
1306 2325 1382 2368 suae
1414 2307 1449 2368 vi

261 2406 342 2470 illud
366 2405 511 2469 effecisse
533 2404 650 2487 tradat,
674 2403 728 2468 hio
751 2405 934 2489 significare
956 2405 1061 2471 videri
1080 2407 1189 2471 nescio
1205 2430 1302 2493 quam
1316 2406 1449 2472 fabulae

262 2510 396 2574 formam
426 2509 651 2574 recentiorem.
696 2507 761 2572 Sed
785 2509 861 2593 quia
883 2508 985 2592 locus,
1016 2531 1078 2595 quo
1103 2509 1217 2574 eadem
1238 2521 1446 2597 proponatur,

261 2636 326 2678 non
349 2622 440 2676 extat
463 2635 501 2676 ac
524 2636 565 2676 ne
581 2612 749 2677 Oolluthus
772 2611 904 2698 quidem
926 2635 996 2676 rem
1019 2613 1177 2698 copiosius
1198 2613 1344 2695 absolvit,
1367 2637 1447 2678 num

261 2717 342 2780 ratio
365 2715 548 2780 intercedat
570 2716 655 2780 inter
676 2716 843 2800 utriusque
866 2716 1064 2796 memoriam,
1088 2715 1225 2780 iudicari
1247 2717 1369 2803 nequit.

348 2819 455 2884 lustae
480 2823 589 2883 autein
611 2819 778 2883 offensioni
800 2829 859 2902 est,
883 2818 969 2905 quod
984 2819 1128 2884 Colluthi
1152 2819 1297 2884 versibus
1319 2825 1382 2890 286
1398 2845 1445 2908 sq.

261 2923 426 3005 Dardan0,
443 2933 554 3008 utpote
570 2922 612 2986 ad
629 2944 724 3008 quem
739 2944 918 3007 pronomen
931 2915 953 3014 ᾧ
965 2923 1133 3004 referatur,
1150 2922 1196 2986 illi
1211 2946 1342 3010 operam
1354 2947 1447 2988 suam

261 3027 418 3091 locavisse
441 3036 628 3090 narrantur:
653 3048 693 3089 ea
716 3027 802 3089 enim
824 3024 935 3089 fabula
956 3047 1112 3111 nusquam
1130 3026 1313 3092 exhibetur.
1352 3027 1446 3107 Quae

262 3129 436 3194 difficultas
458 3129 544 3194 bene
568 3128 759 3215 explicetur,
783 3130 809 3192 si
828 3129 913 3192 inter
927 3152 958 3192 v.
974 3135 1037 3198 286
1053 3139 1086 3194 et
1102 3133 1163 3198 287
1181 3153 1308 3195 mecum
1325 3141 1447 3196 statuas

263 3233 431 3315 lacunam,
461 3233 494 3296 in
524 3257 587 3318 qua
623 3254 804 3298 sermonem
831 3232 929 3296 fuisse
957 3233 1124 3297 arbitreris
1148 3232 1189 3297 de
1211 3233 1446 3298 Laomedonte.

265 3334 357 3415 Quae
381 3337 567 3401 coniectura
589 3337 643 3402 vel
667 3360 704 3401 eo
728 3335 982 3418 commendatur,
1007 3336 1093 3421 quod
1107 3336 1336 3401 Laomedontis
1358 3359 1447 3401 men-

262 3439 382 3503 tionem
394 3439 541 3504 Dardani
556 3441 730 3504 memoriae
748 3439 879 3502 adnecti
895 3439 1000 3521 decct,
1017 3439 1100 3503 sicut
1115 3440 1200 3504 illius
1215 3463 1333 3504 nomen
1348 3442 1449 3505 etiam

263 3541 416 3625 Ovidius,
448 3544 507 3608 etsi
528 3544 562 3608 in
583 3543 709 3608 Paridis
732 3543 869 3629 epistula
893 3543 933 3606 de
958 3564 995 3607 eo
1019 3553 1121 3626 tacet,
1147 3543 1188 3607 ab
1210 3543 1340 3607 Helena
1362 3544 1449 3608 inter

261 3645 387 3710 Paridis
409 3648 547 3710 maiores
568 3647 694 3710 laudari
715 3646 794 3710 facit
816 3645 880 3732 (ep.
898 3646 992 3711 XVII
1007 3651 1059 3715 68.
1083 3646 1171 3732 266).
1205 3646 1256 3710 Ita
1279 3648 1448 3731 contingit,

262 3758 297 3812 ut
321 3760 353 3813 et
375 3752 577 3814 enuntiatum
599 3750 772 3814 relativum
786 3772 817 3813 v.
834 3754 896 3817 287
914 3773 960 3834 sq.
976 3751 1208 3813 sententiarum
1223 3751 1341 3815 rationi
1355 3761 1448 3815 recte

262 3853 423 3916 inseratur
452 3863 484 3916 et
505 3854 595 3917 Paris
625 3854 870 3933 commercium,
889 3850 987 3939 ¹quod
1017 3873 1078 3917 avo
1109 3875 1183 3916 cum
1213 3852 1261 3916 dis
1283 3852 1357 3934 fuit,
1388 3877 1446 3919 suo

349 4043 369 4111 ¹)
390 4047 417 4096 Σ
426 4045 527 4112 28836.
541 4045 573 4097 cl.
586 4050 727 4112 praeterea
738 4044 802 4098 Eur.
817 4043 877 4096 Hel.
890 4043 948 4096 928.
969 4041 1056 4107 Quint.
1071 4041 1123 4099 Sm,
1137 4042 1163 4093 X
1176 4042 1217 4095 21.
1237 4043 1316 4109 Prop.
1328 4043 1354 4095 ll
1368 4045 1409 4109 14,
1423 4045 1448 4098 2.

263 4128 308 4183 OM
328 4147 368 4284 eli)
387 4128 453 4268 ldihl
470 4131 541 4284 ddud
574 4216 718 4271 Homerum
746 4217 828 4269 Troia
854 4222 963 4269 vocatur
991 4212 1123 4282 εὐτείχεος
1147 4213 1258 4280 (Α129.
1287 4214 1377 4268 3113
1403 4215 1448 4284 al.)

261 4304 370 4370 eiusque
388 4308 569 4356 memorantur
586 4299 671 4355 κλυτά
690 4304 779 4371 τείχεα
797 4303 832 4369 (Φ
848 4301 918 4370 2943).

348 4388 368 4456 3)
387 4389 519 4457 Phrygem
528 4387 605 4441 Paris
619 4390 676 4455 ipsc
691 4405 718 4442 se
728 4389 846 4456 appellat
856 4389 901 4446 Or.
911 4407 951 4458 ep.
962 4388 1026 4441 XVI
1038 4389 1094 4441 198.
1113 4386 1145 4440 ci.
1157 4385 1258 4440 Callim.
1269 4388 1357 4456 hymn.
1368 4386 1393 4441 V
1405 4389 1446 4441 18.
