3242 4860
677 351 891 416 *59*

319 521 409 610 νόσφι
433 522 488 608 μὲν
513 519 691 608 ἀγρομένων
716 517 832 608 ἀγέλην
856 517 1040 605 πεμπάζετο
1064 518 1229 607 ταόρι.)ν,1)

318 623 410 712 νόσφι
433 626 467 692 δὲ
491 627 690 708 βοσκομένων
715 627 875 711 διεμέτρεε
900 620 988 690 πώεα
1012 620 1128 709 μήλων,

189 771 269 827 etv.
288 768 361 832 111:
387 775 472 840 τοῖος
496 761 564 830 ε’πεί
588 757 747 848 σήραγγος
770 765 803 838 ἐς
825 757 913 848 iibens
937 757 1024 843 βαιὸν
1042 755 1155 827 όὸεόων
1222 815 1228 827 .
1247 765 1375 828 ἐδίωκεν

189 865 308 953 ἀοιδήν.
354 864 522 930 Dolluthus
550 864 650 947 igitur
678 863 830 929 Paridem
859 889 923 930 non
952 862 1065 951 procul
1093 886 1111 926 a
1138 885 1238 948 grege
1262 863 1375 928 abesse

188 973 322 1033 na‘rrans
350 969 436 1032 inter
466 966 619 1030 Ovidium
651 977 684 1031 ct
706 967 884 1033 Lucianum
915 979 1081 1052 tamquam
1111 966 1255 1030 medium
1286 978 1375 1031 tenet
1444 1013 1447 1026 ,

187 1072 305 1154 locum,
328 1093 390 1135 nec
412 1081 542 1157 poetam
562 1069 776 1153 hellenistam‚
800 1094 895 1156 quem
912 1081 1041 1136 secutus
1058 1081 1115 1152 est,
1140 1070 1227 1133 idem
1243 1070 1374 1134 finxisse

188 1176 258 1240 veri
287 1176 440 1241 dissimile
472 1185 529 1238 est.
579 1173 695 1259 Itaque
724 1173 859 1256 Nasoni,
891 1173 978 1260 quod
1008 1174 1125 1238 leviter
1153 1175 1373 1256 eommutavit,

187 1280 248 1365 ipsi
270 1290 345 1364 apte
370 1279 502 1360 tribuas,
527 1279 583 1362 qui
605 1277 646 1341 ab
671 1277 821 1363 exemplo
843 1277 1020 1364 paullulum
1044 1277 1179 1341 fortasse
1203 1299 1240 1341 eo
1264 1288 1313 1341 est
1329 1278 1374 1342 di·

187 1405 315 1466 gressus
346 1381 495 1463 censilio,
527 1403 588 1466 quo
612 1381 715 1465 magis
745 1404 809 1464 res,
842 1404 925 1467 quae
947 1380 1057 1444 Paridi
1080 1380 1216 1462 accidit,
1247 1392 1374 1446 secreta

187 1508 370 1571 arcanaque
401 1495 581 1570 appareret.
626 1485 743 1548 Paucis
774 1496 899 1567 autem,
931 1485 989 1550 sed
1011 1485 1199 1548 suavissime
1221 1484 1374 1549 Paridem
1449 1571 1452 1575 .
1478 1558 1486 1565 ,

186 1599 378 1674 pergentem
402 1589 481 1652 facit
503 1588 586 1652 haec
611 1588 720 1653 dicere
744 1612 774 1652 ν.
798 1594 838 1658 57
863 1611 925 1674 sq.:

317 1709 403 1772 ‘hinc
427 1731 487 1792 ego
510 1707 779 1774 Dardanidae
803 1731 909 1773 muros
934 1708 1128 1794 excelsaque
1152 1695 1240 1774 tecta

393 1823 426 1876 et
447 1813 531 1877 freta
553 1812 752 1898 prospiciens
775 1812 890 1876 arbore
914 1813 1009 1877 nixus
1033 1814 1140 1877 eram’.

186 1953 250 2015 Hic
275 1973 333 2016 cur
353 1951 501 2015 codicum
516 1949 657 2015 lectione
674 1950 903 2014 ‘Dardanidae'
919 1951 1091 2036 repudiata
1106 1974 1216 2016 omnes
1232 1950 1373 2015 editores

185 2055 444 2140 interpretesque
465 2054 655 2139 scripturam
672 2053 879 2120 ‘Dardaniae'
895 2054 1116 2140 probaverint,
1139 2078 1267 2141 prorsus
1282 2054 1372 2118 latet.

184 2157 395 2242 Significatur
418 2158 504 2221 enim
527 2157 734 2222 Dardanides
756 2180 851 2222 nemo
875 2157 955 2222 alius
978 2158 1039 2223 nisi
1062 2159 1138 2241 llus,
1163 2159 1255 2222 Trois
1278 2156 1372 2240 filius,

186 2262 241 2346 qui
262 2271 299 2324 ut
312 2260 461 2324 Dardani
481 2262 654 2346 progenies
677 2262 840 2347 aptissime
864 2263 910 2326 sic
934 2261 1124 2347 appellatur.
1158 2263 1240 2326 Eum
1264 2272 1372 2326 autem

185 2365 302 2428 Troiae
319 2386 427 2428 muros
442 2363 625 2429 condidisse
640 2366 709 2450 ipse
727 2365 824 2430 docet
840 2365 977 2429 Ovidius
993 2366 1064 2430 fast.
1081 2364 1218 2434 V1419:
1236 2366 1373 2452 ‘moenia

183 2467 398 2556 Dardanides,
413 2491 517 2554 nuper
539 2491 624 2532 nova
646 2468 770 2532 fecerat
785 2467 870 2551 Ilus,
895 2479 928 2532 et
950 2467 1016 2532 llus
1031 2469 1238 2533 Dardanides
1254 2469 1373 2534 dicitur

112 2615 115 2618 -
182 2574 249 2637 iam
264 2571 351 2657 apud
363 2571 542 2636 Homerum
558 2572 596 2658 (A
614 2577 684 2641 166.
701 2571 800 2659 372),
815 2570 904 2641 ’Ἶλον
920 2571 1010 2652 πόλις
1022 2571 1119 2636 Troia
1134 2584 1271 2636 vocatur
1286 2573 1373 2658 apud

182 2676 360 2740 Pindarum
383 2677 480 2763 (nem.
500 2675 566 2738 VH
579 2675 657 2764 43),
678 2673 767 2745 ’Ίλον
785 2672 864 2744 dcco
883 2675 970 2760 apud
986 2674 1141 2755 Quintum
1156 2674 1370 2762 Smyrnaeum

184 2782 222 2866 (a
249 2779 335 2866 784).
831 2778 835 2782 “
1209 2782 1211 2786 ’

269 2882 317 2947 Eo
340 2883 440 2967 igitur
461 2882 496 2945 in
518 2881 598 2945 ldae
621 2883 705 2948 saltu
719 2883 917 2948 Mercurium
941 2905 1014 2947 cum
1039 2882 1141 2947 tribus
1164 2881 1225 2948 illis
1248 2881 1372 2947 deabus

185 2986 227 3050 ad
250 3009 284 3050 se
307 2986 436 3050 venisse
457 2985 549 3048 Paris
571 2986 622 3050 his
644 2987 753 3052 verbis
778 2987 912 3072 exponit
934 3010 965 3050 v.
989 2992 1031 3056 59
1056 3009 1138 3072 sqq.:

314 3112 402 3170 ‘ecce
425 3105 546 3192 pedum
568 3106 663 3192 pulsu
684 3108 754 3172 visa
777 3117 826 3172 est
848 3105 929 3170 mihi
950 3117 1038 3172 terra
1060 3107 1183 3172 moveri

388 3250 432 3258 -
453 3233 533 3274 vera
555 3210 669 3296 loquar
691 3212 762 3276 veri
784 3212 841 3275 vix
864 3210 1016 3275 habitura
1038 3210 1137 3276 fidem
1159 3238 1216 3295 —3

315 3314 458 3378 constitit
481 3325 555 3378 ante
579 3314 689 3380 oculos
712 3325 803 3380 actus
825 3314 994 3379 velocibus
1017 3314 1075 3378 alis

387 3417 531 3482 Atlantis
553 3419 662 3502 magni
683 3418 897 3503 Pleionesque
920 3439 1030 3503 nepos,

315 3559 359 3568 -—
381 3520 429 3584 fas
450 3521 571 3584 vidisse
594 3521 664 3603 fuit,
688 3521 736 3584 fas
759 3523 800 3586 sit
823 3521 903 3585 mihi
923 3522 993 3585 visa
1015 3522 1137 3588 referre
1160 3563 1203 3572 -

388 3623 486 3709 inque
510 3623 564 3688 dei
587 3624 697 3709 digitis
719 3647 818 3690 aurea
840 3625 934 3709 virga
956 3624 1035 3690 fuit'.

183 3761 255 3826 Alis
277 3760 459 3826 Mercurius
487 3762 656 3827 instruitur
682 3763 746 3826 iam
773 3764 806 3826 in
828 3762 964 3827 Homeri
988 3765 1183 3829 carminibus
1207 3764 1262 3851 (cf.
1287 3787 1314 3828 e.
1339 3786 1369 3848 g.

184 3873 214 3933 Ω
232 3869 304 3935 345.
329 3895 343 3934 ε
358 3865 415 3951 49)
434 3865 622 3950 ibidemque
637 3866 732 3950 virga
747 3887 847 3930 aurea
862 3868 904 3953 (e.
922 3888 953 3950 g.
970 3875 1000 3934 H
1015 3867 1103 3954 277),
1127 3867 1168 3930 de
1185 3890 1248 3953 qua
1263 3868 1371 3954 appel-

183 3968 270 4033 latur
297 3967 505 4057 χρυσόρραπις
534 3971 563 4056 (ε
584 3973 638 4038 87.
666 3974 768 4038 ι277.
799 3969 911 4056 hymn.
938 3970 972 4034 in
993 3970 1095 4035 Mero.
1118 3974 1191 4040 259.
1223 3971 1262 4036 cf.
1286 3971 1369 4037 Mus.

183 4072 264 4136 Her.
296 4080 329 4136 et
350 4071 474 4135 Leand.
500 4073 585 4158 150).
631 4070 724 4152 Quae
746 4073 908 4138 Mercurio
937 4074 1113 4160 praecipue
1141 4097 1274 4140 munere
1301 4076 1370 4141 fun-

271 4245 292 4312 1)
310 4244 434 4299 Paridem
452 4253 575 4300 armenta
592 4252 775 4302 numerantem
793 4249 873 4301 etiam
892 4248 1039 4303 Mavortius
1058 4247 1135 4317 fingit
1152 4249 1179 4302 in
1197 4248 1299 4304 Iudicio
1317 4251 1368 4304 Pa·

184 4332 249 4385 ridis
276 4328 371 4399 (PLM
390 4330 428 4384 IV
446 4349 470 4399 p.
491 4333 540 4385 198
559 4349 581 4386 v.
600 4333 617 4384 2
634 4333 756 4400 Baehr.):
785 4334 860 4388 ‘forte
888 4336 1044 4388 recensebat
1070 4351 1208 4388 numerum
1236 4336 1284 4389 sub
1311 4343 1369 4407 teg·

185 4420 254 4472 mine
272 4417 343 4485 lagi’.
