3242 4860
662 326 876 394 ...93-

332 492 353 564 ἂ
377 499 410 564 δὲ
435 496 481 576 δὶς
505 495 661 582 ἑξήκοντα
685 499 884 586 διαλρέξασα
907 493 1050 576 διαύλως,

386 597 437 668 οἷα
461 598 547 688 παρ’
571 598 741 690 Εὐρώτᾳ
763 603 813 668 τοὶ
835 597 1096 685 Λακεδαιμόνιοι-

334 702 511 792 ἀστέρεςῑ),
539 702 732 791 ε’μπεράμώς
755 707 942 792 ἐνετρίψατο
965 699 1039 770 λιτὰ
1061 709 1197 786 λαβοῖσα

383 810 534 895 χρίματα,
560 811 623 886 τᾶς
646 809 730 886 ἰδίας
753 811 868 893 ἔκγονα
892 809 1058 894 φνταλιᾶς,

178 945 250 1009 Nec
272 967 337 1008 non
358 943 546 1009 Colluthum
569 943 675 1029 aliquo
698 943 794 1008 modo
818 943 881 1008 huc
905 951 1052 1029 spectare
1074 952 1162 1029 puto,
1187 965 1261 1007 oum
1284 945 1366 1008 Her-

179 1049 319 1112 mionam
343 1069 363 1110 a
384 1056 488 1112 matre
512 1047 674 1112 desertam
697 1057 887 1132 querentem
908 1045 1011 1130 fingat
1032 1070 1063 1109 v.
1087 1050 1151 1116 355
1173 1069 1237 1132 sq.:

334 1167 376 1256 μὴ
401 1175 514 1258 διεροῖς
537 1167 717 1248 στονόεντος
741 1168 792 1237 ἐπ’
812 1166 989 1258 Εὐρώταο
1015 1171 1186 1256 ρεέὶῑροις

334 1277 506 1361 νηχομένην
531 1270 690 1359 ἐκάλυψεν
714 1268 885 1362 ὐποβρνχίη
910 1296 945 1340 σε
968 1269 1105 1360 γαλήνης

181 1420 213 1474 et
235 1410 378 1492 ancillas,
402 1431 485 1495 quae
509 1432 581 1474 earn
605 1409 763 1474 consolari
784 1409 906 1492 volunt,
930 1408 1162 1495 respondentes
1177 1433 1208 1472 v.
1225 1412 1289 1478 340
1303 1431 1365 1495 sq.:

333 1529 353 1618 ἢ
376 1528 455 1618 χρόα
477 1529 634 1622 πατρῴοιο
658 1535 850 1618 λοεσσομένη
873 1541 1029 1618 ποταμοῖο

336 1632 434 1725 ᾤχετο
458 1634 514 1700 καὶ
538 1631 670 1720 δηῢννεν
695 1633 748 1702 ἐπ’
772 1632 959 1722 Εὐρώταο
985 1637 1183 1721 ῥεέῗνροις.

179 1770 230 1834 Αο
249 1794 290 1836 ne
306 1771 488 1834 Lucianum
503 1771 634 1856 quidem
649 1770 743 1836 ludos
758 1770 908 1836 Helenae
924 1772 1092 1856 gymnicos
1106 1773 1366 1856 praetermittere

179 1873 343 1938 videmus:
374 1874 461 1960 apud
492 1897 566 1940 eum
593 1875 678 1938 enim
701 1874 831 1939 Helena
859 1873 1030 1938 aVenere
1053 1884 1189 1939 vocatur
1212 1873 1367 1963 γυμνὰς

180 1976 346 2046 τὰπολλὰ
370 1979 425 2046 καὶ
448 1977 702 2064 παλαιστική
724 1979 758 2065 (ξ
776 1978 841 2066 14),
863 1989 992 2063 -post
1015 1999 1097 2062 quae
1120 1978 1223 2044 verba
1246 1979 1366 2043 mentio

180 2079 217 2142 fit
239 2085 294 2148 τοῦ
310 2085 442 2170 Θησέως
465 2078 565 2170 ἄωρον
590 2086 637 2150 ἔτι
661 2079 873 2170 ἁρπάσαντος.
909 2080 1008 2145 Ouius
1031 2080 1072 2145 de
1089 2081 1218 2147 Theseo
1236 2082 1366 2147 fabulae

180 2182 325 2266 formam,
349 2183 477 2270 qualem
495 2185 580 2270 apud
597 2183 752 2249 Ovidium
766 2225 809 2233 —
825 2185 867 2249 ab
884 2184 946 2249 hoo
963 2194 1051 2249 certe
1067 2208 1131 2249 non
1145 2185 1311 2250 inventam
1325 2225 1367 2236 --

180 2285 327 2370 legimus,
350 2287 462 2373 primis
484 2286 526 2351 ab
550 2287 727 2352 hellenistis
749 2290 853 2375 poetis
876 2288 1041 2354 excultam
1065 2297 1097 2352 et
1118 2287 1252 2353 fortasse
1269 2289 1367 2354 etiarn

181 2414 201 2454 a
222 2389 358 2455 Nasonis
377 2389 515 2454 Luciani
530 2389 672 2455 Colluthi
695 2401 826 2456 auctore
849 2391 1044 2478 perhibitum
1066 2391 1164 2457 fixisse
1188 2416 1230 2456 ex
1253 2393 1368 2457 horum

182 2504 342 2558 concentu
367 2494 455 2558 haud
476 2496 605 2580 incepte
628 2497 810 2580 suspiceris.

179 2607 182 2612 ’
267 2598 319 2662 De
342 2598 482 2662 Helenae
512 2600 648 2684 orr'pz'ue,
677 2608 713 2662 ut
735 2598 797 2663 hoc
820 2597 914 2662 simul
937 2597 1139 2679 absolvatur,
1170 2599 1367 2662 notissimam

182 2702 371 2764 memoriam
387 2710 419 2764 et
435 2688 573 2765 Ovidius
590 2711 623 2765 et
637 2702 800 2766 Lucienus
817 2703 972 2787 sequitur.
1006 2701 1059 2765 Ab
1076 2701 1122 2765 eis
1138 2701 1223 2765 enirn
1239 2701 1368 2766 Helena

180 2804 303 2886 Ledae,
327 2804 470 2868 mulieris
492 2802 732 2890 pulcherrimae
742 2805 778 2892 2),
803 2804 844 2869 ab
867 2805 946 2870 Iove
970 2805 1129 2891 deceptae
1138 2805 1164 2892 ³)
1187 2804 1254 2870 filia
1269 2804 1366 2869 fuisse

268 3013 288 3081 1)
307 3013 435 3067 Similiter
447 3013 570 3067 Dioscuri
584 3013 629 3068 Ov.
643 3008 789 3079 enlin,
808 3016 841 3068 29
855 3015 978 3067 dicuntur
991 3011 1126 3068 ‘fecundae
1140 3014 1248 3069 sidera
1260 3013 1367 3068 Ledae.

268 3098 290 3167 2)
309 3098 384 3165 Quod
402 3098 503 3153 Ledam
525 3100 651 3154 habuisse
670 3115 771 3154 comam
794 3101 896 3168 nigram
915 3100 967 3152 alio
987 3100 1045 3154 loco
1064 3101 1128 3154 dicit
1147 3099 1207 3168 (am.
1225 3100 1295 3165 114,
1314 3099 1367 3165 42),

182 3187 317 3240 Nasonem
329 3185 426 3238 debore
439 3186 606 3252 imaginibus,
625 3187 653 3239 in
666 3187 761 3254 quibus
779 3185 825 3238 illa
842 3186 925 3254 nigris
938 3185 1055 3238 crinibus
1068 3193 1162 3239 ornata
1178 3187 1253 3254 pingi
1266 3185 1369 3240 solebat

183 3269 226 3338 (cf.
246 3272 397 3325 Wunderer
420 3271 482 3324 diss.
500 3272 609 3340 Erlaug.
629 3271 645 3325 l.
664 3271 705 3340 1.),
732 3272 895 3338 probabilius
919 3275 959 3325 est
986 3287 1064 3340 quam
1090 3278 1187 3340 poetae
1212 3273 1301 3326 neseio
1326 3273 1369 3326 cui

182 3357 363 3422 alexandrino,
377 3372 534 3424 quamquam
546 3357 702 3412 hellenistae
716 3374 826 3426 quoqne,
847 3358 869 3410 si
881 3358 956 3410 cuius
967 3357 1193 3425 pulchritudinem
1204 3358 1369 3424 praeclaram

184 3442 384 3508 describebant,
415 3458 473 3497 earn
502 3451 610 3511 praeter
639 3443 692 3496 alia
722 3445 804 3497 etiam
833 3445 910 3512 nigro
936 3445 1092 3511 capillorum
1118 3444 1204 3498 colore
1233 3442 1369 3511 fingebant

184 3527 226 3596 (cf.
239 3529 332 3583 Rohde
350 3546 376 3597 p.
390 3531 440 3584 153
458 3530 518 3582 adn.
532 3530 582 3597 3.);
600 3529 676 3583 flavis
689 3529 793 3598 capillis
806 3528 881 3583 Leda
899 3538 1008 3584 ornatur
1026 3531 1052 3583 in
1065 3531 1145 3583 Anth.
1175 3529 1232 3583 Pal.
1245 3529 1269 3582 V
1282 3531 1324 3592 65,
1343 3531 1368 3582 2.

184 3613 306 3668 Ceterum
319 3617 390 3668 iuter
401 3616 520 3669 homines
533 3616 725 3683 pulcherrimos
738 3614 812 3670 Leda
824 3622 978 3670 numeratur
990 3615 1061 3685 apud
1076 3616 1121 3669 Ov.
1135 3633 1185 3669 am.
1198 3614 1213 3669 I
1225 3618 1265 3681 10,
1284 3619 1299 3670 1
1313 3633 1368 3685 sqq.

183 3698 262 3769 Prop.
280 3701 307 3754 ΙΙ
325 3703 366 3766 38,
385 3700 417 3753 51
437 3717 492 3770 sqq.
529 3699 594 3754 Luc.
613 3702 674 3755 dial.
694 3710 768 3756 mort.
788 3701 882 3756 XVIII
902 3705 923 3755 1.

268 3785 289 3853 ³)
306 3784 397 3841 Iovem
415 3788 500 3840 forma
517 3788 594 3855 cygni
611 3787 733 3841 indutum
751 3789 804 3842 albi
822 3789 881 3857 (Ον.
900 3806 950 3843 am.
969 3790 1062 3854 110,3.
1080 3789 1111 3842 ef.
1126 3805 1165 3857 ep.
1179 3787 1245 3843 XVI
1262 3789 1312 3842 251
1331 3807 1368 3858 sq.

184 3869 247 3925 Eur.
260 3872 319 3926 Hel.
338 3873 407 3939 216.)
443 3873 492 3926 hoo
510 3871 625 3926 ‘furtum’
644 3873 688 3938 (=
705 3873 811 3940 κλέμμα
829 3877 861 3927 Α.
880 3876 910 3928 P.
927 3876 952 3928 V
970 3877 1010 3941 18,
1029 3875 1056 3941 2)
1075 3875 1108 3927 ad
1127 3873 1255 3929 Eurotam
1272 3875 1370 3930 flumen

183 3959 344 4012 commisisse
365 3959 461 4012 docent
480 3965 506 4012 et
524 3959 666 4026 imagines,
692 3960 831 4027 inquibus
854 3959 961 4014 fluvium
983 3976 1036 4013 uon
1059 3961 1152 4029 procul
1170 3962 1263 4016 abesse
1281 3961 1371 4031 palma

183 4044 306 4113 apposita
324 4045 457 4098 indicatur
474 4043 517 4112 (cf.
531 4044 561 4098 Ο.
574 4045 646 4098 Jahn
665 4046 813 4100 ‘Archaeol
832 4046 923 4100 Beitr.’
941 4063 966 4114 p.
982 4049 995 4100 1
1016 4063 1071 4114 sqq.
1103 4047 1242 4101 Overbeck
1261 4049 1368 4101 ‘Kunst-

183 4130 291 4198 mythol.
311 4129 335 4182 d.
355 4130 432 4184 Zeus’
450 4147 477 4198 p.
495 4133 546 4184 489
565 4131 632 4200 sqq.)
651 4160 684 4167 -
703 4131 737 4184 ad
760 4148 804 4186 eas
827 4140 916 4186 autem
941 4137 1044 4199 spectat
1066 4131 1217 4200 Antiphilus
1243 4135 1270 4186 in
1288 4134 1369 4187 Anth.

182 4217 240 4270 Pal.
259 4217 284 4270 V
301 4217 352 4270 307
371 4247 404 4254 -
422 4223 450 4271 et
467 4219 626 4286 scriptorum
645 4233 790 4272 consensus
808 4217 851 4286 (cf.
872 4219 917 4273 Ov.
937 4235 977 4286 ep.
997 4217 1062 4271 VIII
1081 4221 1128 4272 67:
1154 4218 1279 4274 ‘fluminei
1297 4237 1368 4274 meu-

183 4305 261 4359 dacia
279 4302 373 4372 cygui’.
403 4303 591 4372 Hyg.falr.77.
622 4303 798 4370 Apollodlll
818 4307 857 4370 10,
877 4307 900 4360 7.
931 4304 1247 4359 Cedrcn.histor.1212.
1279 4307 1369 4360 Taetz.

183 4391 216 4445 ad
230 4391 291 4460 Lye.
304 4389 357 4455 88).
372 4387 492 4442 -Illam
513 4390 544 4443 de
562 4390 624 4442 Iove
637 4389 763 4460 Ledaque
782 4392 898 4444 fabulam
913 4395 942 4443 ut
960 4391 1181 4459 simplicissimam
1201 4392 1252 4446 iam
1267 4393 1370 4446 videtur
