3214 4854
743 299 1066 374 -42-'

347 474 465 566 rpo‘o‘its
490 483 526 545 λε’
550 481 578 546 οἱ
601 476 701 558 σάκος
725 484 812 568 ἔσχεν
837 484 988 548 ἐναντίον·
1013 485 1041 547 οἳ
1064 485 1100 546 δέ
1123 507 1172 566 μιν
1196 477 1294 568 ἄμφω

345 585 533 673 praebui}
557 593 753 671 κρατεροῖσιν
778 585 950 670 ἐνέπληξαν
973 579 1149 671 κεράεσσιν,

259 693 345 747 etv.
372 689 468 753 1305:
494 681 610 774 κούρης
632 689 668 753 δέ
692 689 707 754 ἕ
730 683 894 774 φάρμακ’
920 690 1035 774 ἔρυτο.

344 803 414 868 Nec
430 805 507 890 quin
523 805 620 868 etiarn
635 806 669 868 in
685 806 895 892 sequentibus
907 805 1044 870 Ovidius
1059 805 1276 892 Apollonium,
1297 808 1443 892 quamvis

258 907 371 989 libere,
396 919 525 972 secutus
548 909 607 990 sit,
624 909 764 974 dubitari
787 909 874 992 licet,
898 910 924 974 si
947 910 980 974 in
997 909 1269 996 comparationem
1286 919 1443 974 vocantur

259 1025 335 1075 met.
358 1035 389 1076 ν.
415 1016 474 1080 117
498 1035 580 1098 sqq:

413 1113 627 1202 ‘pendulaque
651 1116 768 1180 audaci
791 1117 913 1181 mulcet
934 1117 1078 1203 palearia
1101 1115 1219 1180 dextra

413 1219 657 1306 suppositosque
680 1221 755 1305 iugo
778 1219 904 1306 pondus
927 1242 1027 1306 grave
1052 1221 1139 1304 cogit
1161 1221 1260 1284 aratri

306 1381 311 1390 ,
415 1320 534 1386 ducere
558 1333 592 1387 et
613 1324 775 1388 insuetum
798 1323 883 1390 ferro
906 1323 1114 1412 proscindere
1139 1323 1306 1411 campum’,

260 1441 375 1528 quibus
398 1441 483 1506 adde
506 1464 556 1528 ep.
580 1443 648 1508 XII
670 1450 712 1513 93
735 1467 798 1531 sq:

415 1545 529 1629 ‘iungis
553 1555 586 1646 et
608 1547 778 1634 aeripedes
800 1547 948 1613 inadusto
973 1570 1106 1636 corpore
1129 1559 1239 1612 tauros

464 1661 497 1714 et
519 1649 679 1715 solidam
703 1652 787 1716 iusso
810 1674 962 1716 vomere
986 1650 1137 1734 findis1)
1161 1651 1323 1716 humum’

258 1782 291 1835 et
313 1769 476 1858 Apollonii
498 1795 529 1836 v.
555 1775 784 1854 tace-1332,
813 1772 930 1859 quibus
952 1773 1111 1859 quomodo
1134 1772 1230 1837 Iason
1252 1782 1359 1836 tauros
1382 1771 1441 1835 sub

257 1875 368 1958 iugum
400 1876 545 1960 coegerit
574 1875 737 1940 uberrime
768 1875 949 1962 exponitur.
994 1876 1109 1941 Ultimi
1138 1898 1230 1957 vero,
1261 1897 1357 1962 quem
1387 1897 1442 1938 ex·

257 1979 458 2065 scripsimus,
489 2002 540 2067 ep.
564 1979 627 2042 XII
648 1978 711 2043 loci
734 1980 895 2044 sententia
916 1980 984 2043 sine
1009 1979 1107 2044 dubio
1130 1989 1257 2066 sumpta
1280 1987 1329 2042 est
1351 2000 1443 2065 prae-

259 2080 353 2168 cipue
377 2104 419 2146 ex
443 2084 504 2166 eis,
534 2105 617 2170 quae
640 2081 746 2146 Iasoni
768 2082 908 2148 Aeetam
930 2082 1099 2148 mandasse
1121 2081 1312 2170 Apollonius
1332 2092 1443 2146 narrat

258 2209 289 2250 v.
311 2191 374 2254 411
399 2209 461 2273 sq:

343 2289 418 2370 τοὺς
441 2289 523 2360 ἐλάω
548 2289 661 2372 ζεύξας
684 2289 869 2380 στυφελὴν
894 2288 982 2359 κατὰ
1005 2288 1083 2358 νειὸν
1104 2288 1226 2380 ’Ἄρηος

343 2392 524 2482 τετράγυον,
549 2393 606 2482 την
630 2392 714 2482 αἶψα
737 2393 865 2481 ταμὼν
890 2394 948 2462 ἐπὶ
970 2397 1101 2462 τέλσον
1125 2390 1267 2486 ἀρότρῳ
1293 2401 1371 2463 κτλ.

1076 2489 1079 2496 ’
1203 2495 1257 2579 (cf.
1281 2521 1312 2562 v.
1339 2499 1442 2576 1053).

344 2599 440 2680 Quod
463 2623 537 2665 oum
560 2600 725 2684 vidissent,
749 2601 888 2668 Colchos
910 2601 1080 2665 miratione
1104 2599 1343 2686 obstupefactos
1363 2621 1443 2680 esse,

258 2704 464 2788 Argonautas
491 2704 581 2770 ducis
604 2705 746 2780 animum
770 2705 975 2771 confirmasse
999 2705 1077 2768 item
1101 2703 1233 2768 tradunt
1254 2703 1444 2791 Apollonius

258 2831 288 2873 v.
314 2812 412 2878 1314:
443 2807 594 2894 balpare
625 2809 651 2876 δ’
674 2807 793 2899 Αἰήτης
823 2815 936 2889 obsecr
966 2808 1075 2896 ἀνέρος
1099 2817 1195 2893 atque
1218 2831 1249 2872 v.
1276 2813 1442 2892 13ρῖεηι

259 2911 342 2997 ἀμφὶ
371 2911 397 2978 δ’
429 2917 547 3000 ἑταῖροι
573 2911 577 3001 l
604 2911 760 3001 ἳνάρσονον
791 2911 934 2998 ράῖνοισιν
962 2918 1018 2993 (sc.
1042 2911 1217 2993 Iasonem),
1250 2921 1283 2976 et
1306 2909 1444 2974 Ovidius

259 3025 335 3078 met.
359 3039 390 3079 v,
416 3020 479 3084 120
501 3038 564 3102 sq:

412 3120 579 3184 ‘mirantur
601 3119 724 3201 Colchi,
749 3119 881 3204 Minyae
906 3119 1099 3183 clamoribus
1122 3129 1243 3203 augent

412 3223 622 3310 adiciuntque
646 3221 786 3288 animos'.

343 3342 459 3406 Tauris
483 3353 591 3408 autem
614 3343 803 3430 perdomitis
825 3342 931 3406 Iasoni
954 3344 1195 3430 suscipiendum
1219 3355 1289 3410 erat
1311 3344 1444 3407 dearum

252 3449 447 3531 parobalam:
470 3469 509 3510 ac

653 3533 775 3617 ‘galea
798 3543 866 3598 tum
889 3533 1002 3598 sumit
1024 3555 1107 3598 aena

256 3636 438 3722 vipereos
461 3638 597 3702 dentes
620 3647 654 3701 et
676 3646 781 3701 aratos
804 3637 927 3722 spargit
949 3637 983 3701 in
1006 3637 1109 3722 agros'
1134 3645 1222 3720 (met.
1243 3661 1274 3702 v.
1298 3643 1355 3705 121
1373 3641 1443 3720 sq),

256 3756 408 3844 idemque
431 3757 551 3823 Medea
573 3758 707 3845 respicit
729 3779 779 3844 ep.
804 3757 867 3820 XII
889 3762 945 3826 95:

432 3871 522 3926 ‘arva
544 3862 714 3925 venenatis
737 3883 794 3947 pro
814 3861 937 3924 semine
961 3861 1112 3926 dentibus
1135 3860 1269 3947 imples'.

342 4033 364 4101 ¹)
382 4034 457 4088 Hanc
475 4037 648 4104 scripturam,
674 4037 725 4090 etsi
744 4036 802 4103 quis
821 4035 959 4088 verborum
979 4034 1164 4098 similitudine,
1184 4051 1262 4102 quarn
1280 4035 1349 4088 inter
1367 4035 1444 4088 huius

255 4122 415 4176 narrationis
432 4122 504 4176 locos
522 4123 771 4191 metamorphoseon
790 4127 816 4175 et
834 4121 1007 4190 epistularum
1025 4121 1085 4190 plus
1104 4121 1185 4175 semel
1198 4120 1363 4175 intercedere
1377 4120 1442 4174 vidi-

256 4224 320 4272 mus
339 4207 469 4262 adductus
486 4209 530 4263 hic
548 4216 659 4278 propter
677 4214 738 4264 met.
758 4225 780 4260 v.
796 4208 844 4260 119
858 4207 1019 4261 deteriorum
1032 4208 1160 4262 librorum
1172 4208 1313 4261 lectionem
1327 4206 1442 4260 ‘scindis'

255 4311 289 4347 an
310 4295 446 4362 praeferat
463 4296 598 4350 haesitare
615 4299 719 4364 potest,
742 4302 832 4348 tamen
850 4301 879 4348 ut
895 4301 997 4349 rectam
1016 4295 1068 4349 iam
1086 4295 1254 4348 Burmannus
1272 4301 1299 4347 et
1317 4294 1442 4348 Loersius

256 4379 440 4436 defenderunt.
