3214 4854
668 317 879 389 ..29'..
995 361 1001 374 .

316 495 438 569 fimana
463 501 542 572 erat,
566 501 599 554 et
623 490 764 556 thalamo
789 515 865 556 cara
887 504 1020 581 recepta
1042 516 1139 576 soror,

265 593 499 681 disiectamque
524 617 632 658 comas
654 596 894 682 adversaque
917 597 955 660 in
978 620 1042 661 ora
1064 598 1254 662 iacentem

332 698 467 780 invenit,
491 708 525 762 et
546 698 688 762 lacrimis
710 700 817 764 omnia
839 699 936 785 plena
957 693 1048 764 meis.

267 811 337 864 orat
360 824 455 890 opem
476 801 612 888 Minyis3
638 802 720 866 alter
742 804 834 888 petit,
857 802 940 867 alter
962 802 1148 890 habebit1):

335 905 475 970 Aesonio
498 906 619 988 iuveni,
644 906 730 992 quod
753 916 847 990 rogat
868 905 932 988 illa,
957 907 1088 970 damus'.

180 1077 338 1142 Videmus
372 1087 481 1142 autem
512 1076 680 1160 Ovidium,
715 1078 873 1165 quidquid
907 1077 948 1141 ab
975 1077 1146 1164 Apollonio
1181 1089 1230 1142 sat
1259 1079 1368 1144 multis

181 1181 329 1246 versibus
353 1190 530 1263 enarratur,
554 1181 759 1264 adumbrare,
784 1203 858 1244 cum
877 1179 1016 1245 Medeae
1039 1181 1093 1245 hic
1116 1181 1368 1269 haudquaquam

181 1285 223 1349 sit
250 1285 340 1349 locus
368 1285 527 1349 ubertatis
558 1285 735 1370 copiaeque
765 1285 927 1348 orationis.
973 1283 1128 1349 Sermone
1150 1269 1274 1370 igitur,
1305 1310 1368 1373 quo

181 1388 291 1474 puella
319 1411 339 1454 a
365 1410 472 1454 sorore
501 1397 592 1452 orata
613 1388 811 1472 Argonautis
839 1374 933 1473 opem
955 1411 1024 1452 sese
1049 1388 1283 1474 denegaturam
1305 1413 1369 1454 non

183 1514 252 1556 esse
283 1491 369 1577 apud
395 1491 605 1579 Apollonium
631 1493 791 1577 promittit
821 1491 865 1578 (u.
889 1497 952 1560 674
974 1492 1071 1580 sqq),
1101 1491 1197 1579 plane
1226 1503 1369 1579 praeter-

163 1596 278 1658 misso
309 1618 352 1658 ex
382 1595 561 1681 exemplari
584 1617 702 1679 graeco
725 1618 830 1681 pauca
853 1605 979 1660 tantum
1001 1595 1066 1660 huc
1089 1595 1204 1659 referri
1225 1608 1368 1682 possunt.

181 1699 234 1762 De
257 1697 377 1763 Medea
407 1709 517 1763 autem
546 1708 642 1762 nocte
672 1698 743 1780 illa,
773 1699 920 1784 quamvis
951 1721 968 1761 c
997 1698 1138 1762 thalamo
1162 1698 1204 1762 ad
1227 1721 1369 1763 sororem

182 1803 252 1889 ipsa
275 1801 449 1886 confligere
472 1801 565 1884 velit,
596 1825 725 1889 semper
747 1813 859 1866 tamen
880 1803 1003 1888 pudore
1026 1801 1162 1888 puellari
1185 1811 1314 1866 retenta
1337 1814 1370 1866 et

182 1906 216 1969 in
238 1905 324 1970 lecto
347 1903 470 1992 questa
483 1905 566 1970 haec
589 1905 742 1971 dicuntur
763 1930 794 1969 v.
819 1911 894 1974 655:
979 1994 981 1997 .

367 2067 578 2151 λέκτροισιν
602 2062 743 2152 πρηνὴς
768 2060 975 2130 ἐνικάππεσεν
1000 2065 1185 2148 εἱλιχῖνεῖσα,

184 2235 281 2298 etde
305 2235 421 2298 sororis
448 2234 592 2298 adventu
615 2234 761 2298 conferas
784 2257 903 2321 quaeso
927 2259 958 2298 ν.
982 2239 1046 2304 670
1068 2257 1151 2321 sqq:

228 2381 432 2477 (Chalciope)
746 2389 798 2458 διὰ
822 2389 848 2457 δ’
872 2395 983 2458 ἔσσυτο
1005 2389 1208 2478 ςἶνοιμβησοισα

315 2500 352 2564 ἐκ
374 2493 531 2582 ιὶλοιλοίρων
553 2491 704 2580 ςἰιοὶλαρον
728 2495 762 2560 δὲ
787 2499 969 2582 διαμπερές,
996 2485 1018 2585 ᾧ
1043 2497 1086 2562 ἔνι
1109 2491 1206 2582 κούρη

315 2598 436 2667 κέκλιτ’
460 2597 654 2686 ἀκηχεμένη,
680 2596 796 2685 δρύψεν
821 2595 854 2663 δ’
871 2595 1029 2685 έκοὶτερῖνε
1053 2595 1197 2685 παρειάς.

315 2698 358 2781 ὧς
375 2701 401 2769 δ’
416 2704 464 2770 'tte
481 2700 629 2790 δάκρυσιν
645 2697 719 2769 ’ὄσσε
734 2705 930 2789 πεφυρμένα,
948 2701 1088 2790 φώνησέν
1106 2729 1156 2787 μιν
1172 2708 1241 2769 κτλ.

184 2873 337 2961 Denique
367 2873 408 2938 de
438 2875 554 2937 sororis
583 2873 736 2958 precibus
765 2872 840 2937 vide
871 2846 1012 2937 maxime
1039 2897 1070 2936 v.
1095 2877 1155 2940 701
1181 2895 1249 2958 sqq.
1273 2871 1370 2936 etde

185 2976 325 3041 Medeae
348 2977 580 3063 pollicitatione
603 3001 634 3040 ν.
659 2981 722 3044 714
744 2999 812 3063 sqq.

271 3089 406 3153 Addere
430 3088 483 3152 hic
505 3088 598 3152 nobis
619 3088 718 3152 liceat
741 3087 902 3175 quaedam
925 3089 966 3153 de
988 3089 1118 3153 nomine
1141 3087 1225 3152 illius
1241 3088 1370 3152 sororis:

186 3193 303 3256 mirum
336 3193 421 3256 enim
455 3202 517 3274 est,
552 3191 637 3277 quod
667 3191 804 3256 Ovidius
838 3214 945 3279 neque
977 3192 1011 3254 in
1042 3202 1172 3256 metam.
1206 3214 1312 3278 neque
1339 3193 1373 3255 in

188 3319 238 3383 ep.
256 3296 323 3360 XII
339 3297 406 3360 eius
422 3296 620 3359 mentionem
635 3295 728 3380 facit3
752 3318 857 3382 neque
874 3297 1013 3377 omnino,
1037 3295 1123 3381 quod
1139 3295 1200 3359 sibi
1215 3294 1371 3378 finxisset,

110 3484 112 3488 .
186 3400 352 3481 sciremus,
375 3399 436 3462 nisi
459 3421 536 3462 casu
559 3399 627 3462 fere
651 3400 807 3486 epistulae
832 3399 873 3464 ab
889 3399 1017 3464 Helena
1039 3399 1083 3462 ad
1101 3399 1253 3462 Paridem
1276 3399 1371 3462 datae

187 3501 314 3590 (XVII)
337 3502 427 3567 locus
451 3501 672 3586 exhiberetur,
696 3526 758 3590 quo
781 3502 919 3567 Medeae
944 3525 1033 3566 soror
1055 3503 1238 3567 nominatur
1261 3502 1372 3567 Chal-

188 3607 299 3691 ciope
335 3610 378 3694 (v.
414 3607 528 3693 232)2)
562 3607 653 3670 velut
687 3606 773 3693 apud
802 3606 1010 3692 Apollonium
1044 3606 1261 3692 compluribus
1295 3605 1373 3669 locis

187 3709 235 3795 (lt
266 3715 349 3779 1140
379 3733 447 3797 sqq.
482 3710 533 3773 ΙΙΙ
555 3716 618 3779 248
643 3709 707 3797 at).
759 3709 874 3796 Itaque
905 3709 1060 3774 Ovidium
1091 3709 1153 3773 hac
1184 3732 1310 3796 quoque
1340 3711 1374 3772 in

275 3951 296 4022 1)
314 3953 390 4007 Hanc
415 3970 429 4006 e
454 3953 544 4008 codice
562 3955 684 4008 Parisino
706 3955 817 4023 petitam
838 3954 977 4008 lectionem
999 3959 1100 4008 rectam
1119 3968 1176 4006 esse
1194 3954 1297 4020 putavit
1316 3952 1372 4006 Sal-

187 4039 296 4105 masius,
314 4040 495 4108 comprobavit
513 4041 572 4094 Birt
590 4039 747 4108 (doching.
766 4040 816 4108 gel.
835 4039 979 4106 Anzeigcn'
999 4039 1066 4092 1882
1084 4056 1110 4107 p.
1123 4037 1193 4104 854).

274 4131 296 4202 ²)
317 4132 422 4188 Ibidem
445 4136 557 4190 Medeae
579 4142 665 4190 mater
690 4143 799 4200 vocatur
822 4134 914 4202 Idyia
932 4164 966 4170 -
984 4151 1051 4202 quae
1076 4134 1153 4186 unius
1178 4134 1236 4187 cod.
1259 4134 1375 4188 Parisini

189 4221 322 4288 scriptura
341 4223 394 4286 cst;
412 4223 494 4276 ceteri
510 4222 571 4276 libri
583 4239 645 4275 msc.
659 4229 686 4276 et
704 4223 763 4289 ipsa
775 4219 901 4274 Planudis
914 4221 1089 4288 metaphrasis
1102 4220 1229 4274 exhibent
1241 4220 1315 4288 ‘ipsa'
1328 4242 1373 4272 -ι

189 4305 260 4375 quod
282 4323 378 4360 nomen
395 4308 466 4361 haud
484 4310 523 4361 ita
540 4309 630 4362 multis
649 4307 713 4360 locis
731 4307 858 4360 traditur:
882 4307 912 4360 cf.
933 4307 997 4360 Hes.
1016 4308 1103 4374 theog.
1122 4309 1180 4360 352.
1200 4309 1258 4361 960.
1296 4308 1373 4375 Soph.

188 4394 253 4464 fgm.
272 4394 323 4446 503
340 4396 364 4448 N
370 4393 389 4446 ⁹.
426 4396 474 4463 Ap.
496 4396 545 4448 Rh.
563 4392 682 4450 111243.
700 4393 758 4446 269.
780 4392 824 4461 (ex
836 4393 885 4446 hoc
898 4393 1020 4459 Apollod.
1033 4391 1047 4445 I
1059 4392 1084 4460 9,
1103 4393 1155 4459 23).
1186 4393 1253 4462 Hyg.
1267 4393 1320 4446 fab.
1332 4393 1374 4445 25.
