3242 4860
706 320 938 382 ,,,,74..

238 483 427 550 iudicemus.
442 492 464 564 ¹)
509 485 680 550 Distichon
711 497 820 550 autem
843 481 937 568 illud,
969 511 1030 574 quo
1055 485 1189 552 Oenone
1212 488 1420 573 ineptissime,

238 598 274 652 ut
303 589 362 674 ipsi
385 588 515 652 videtur
538 589 719 654 chtzelio
744 597 786 676 (p.
809 596 879 670 43),
909 599 1122 671 memoratur,
1153 592 1329 676 genuinum
1352 613 1421 654 esse

239 693 457 778 unusquisque
486 693 692 774 infitiabitur,
722 695 776 778 qui
807 693 1051 779 praepositionis
1082 693 1143 757 ‘ab'
1175 694 1325 759 ablativis
1348 716 1423 758 curn

158 849 165 859 ,
239 796 466 880 comparativis
497 797 675 860 coniunctis
704 795 835 860 additae
864 819 973 878 usum,
1005 797 1107 884 qualis
1130 821 1160 861 v.
1185 803 1226 866 98
1248 797 1421 875 invenitur,

239 897 430 982 scriptorum
455 899 644 963 recentioris
660 899 774 963 aetatis
790 900 954 987 mediique
971 901 1044 965 aevi
1060 900 1157 964 fuisse
1173 924 1237 965 non
1252 902 1388 984 ignorat.
1401 902 1423 982 ²)

325 1002 456 1067 Troiam
486 1012 594 1066 autem
623 1012 792 1090 receptum
821 1005 988 1086 Paridem,
1019 1012 1055 1067 ut
1083 1004 1220 1069 navibus
1243 1002 1445 1072 aedificatis

238 1106 300 1170 iter
329 1106 452 1170 faceret
459 1156 468 1186 ,
500 1130 519 1169 a
541 1105 671 1171 Venere
701 1106 807 1172 denuo
838 1109 995 1172 monitum
1024 1129 1094 1173 esse
1117 1107 1203 1171 Naso
1226 1129 1267 1171 ne
1291 1107 1423 1170 minima

239 1209 369 1294 quidem
399 1232 434 1272 re
463 1210 594 1274 indicat.
640 1209 742 1274 Immo
764 1210 856 1276 Paris
878 1214 983 1297 ipsum
1006 1233 1077 1276 sese
1099 1208 1324 1297 proficiscendi
1349 1231 1423 1272 con-

239 1312 345 1376 sillum
368 1335 465 1398 quam
488 1312 657 1377 celerrimo
682 1314 805 1399 cepisse
829 1315 915 1400 apud
939 1337 1013 1379 eum
1036 1314 1115 1378 dicit
1137 1338 1167 1378 v.
1193 1319 1254 1384 105
1277 1335 1337 1399 sq.:

394 1455 465 1515 ‘nec
487 1451 576 1536 potui
601 1450 722 1516 debere
745 1451 825 1516 mihi
848 1475 937 1538 spem
960 1452 1086 1536 longius
1108 1453 1213 1535 istam,

444 1553 596 1618 caerulea
617 1564 763 1640 peterem
786 1557 864 1640 quin
886 1580 960 1621 mea
981 1565 1057 1622 vota
1079 1555 1151 1620 via'.

238 1691 299 1756 Oui
314 1692 494 1757 sententiae
509 1715 575 1758 uon
589 1693 704 1774 obstat,
729 1693 815 1778 quod
829 1693 919 1758 Paris
934 1703 1046 1780 postea
1061 1717 1091 1758 v.
1110 1699 1170 1762 118
1187 1693 1269 1758 haec
1285 1692 1421 1778 profert:

239 1797 393 1879 ‘protinus
408 1795 551 1879 Aegaeis
573 1797 620 1859 ire
643 1796 823 1861 iubebar
846 1797 955 1883 aquis'.
989 1797 1120 1884 Etenim
1143 1796 1205 1860 dea
1228 1797 1258 1860 ei
1273 1795 1423 1860 Helenae

240 1897 425 1982 coniugium
443 1900 631 1984 promittens
647 1900 741 1964 simul
756 1901 855 1964 etiam
869 1902 932 1965 iter
946 1900 1186 1985 suscipiendum
1200 1899 1423 1980 mandaverat,
1523 1893 1526 1896 ¹

238 2000 272 2064 id
310 2003 395 2086 quod
428 2002 519 2066 Paris
552 2027 582 2067 v.
620 2008 659 2070 16
693 2025 760 2089 sqq.
795 2003 951 2086 affirmat,
991 2003 1182 2090 quibuscum
1217 2001 1424 2066 conferantur

238 2127 270 2167 v·
302 2109 364 2173 115
386 2127 454 2191 sqq.
485 2114 517 2169 et
539 2105 679 2172 Oofluth.
705 2113 766 2176 166
796 2111 939 2199 (coppim
970 2106 1105 2194 dbpricu
1135 2131 1168 2174 σε
1200 2104 1283 2192 μετὰ
1307 2109 1421 2191 Τροίην

139 2289 142 2293 .
241 2213 462 2295 ,laaabulpoa
488 2209 572 2273 adde
595 2233 627 2274 v.
650 2216 737 2293 203.)
762 2219 794 2276 et
809 2209 944 2274 Lucian.
967 2215 987 2291 ξ
1011 2215 1060 2290 15,
1084 2208 1141 2273 nbi
1156 2206 1266 2272 Venus
1287 2208 1421 2293 pastori:

241 2307 276 2378 cb
300 2312 356 2398 μὲν
381 2302 430 2382 oin
456 2311 672 2400 ἀποδημήσεις
696 2323 763 2384 κτλ.
802 2313 873 2378 Nec
895 2313 998 2397 magis
1014 2311 1165 2376 Paridem
1187 2334 1207 2375 a
1222 2310 1352 2376 Venere
1368 2309 1423 2374 ad-

239 2413 396 2478 monitum
426 2437 496 2480 esse
518 2426 628 2480 narrat
649 2417 827 2482 Colluthus.
872 2417 986 2502 Itaque
1008 2425 1140 2501 propter
1163 2413 1275 2478 Ovidii
1298 2413 1423 2479 11Οοί-

239 2515 322 2580 lutbi
352 2529 546 2582 concentum
574 2517 636 2586 hoc
665 2544 770 2606 paene
801 2529 925 2585 certum
950 2519 1081 2584 videtur
1104 2517 1284 2603 clariusque
1309 2539 1351 2580 ex
1373 2518 1423 2598 iis,

240 2642 322 2706 quae
336 2620 529 2706 explicaturi
540 2646 657 2706 sumus,
671 2623 814 2688 elucebit
825 2633 991 2688 auctorem
1003 2621 1251 2686 alexandrinum
1259 2619 1423 2684 Venerem

240 2722 346 2788 denuo
369 2723 553 2790 hortantem
576 2751 641 2791 non
662 2727 789 2792 fecisse.

327 2826 432 2892 Tanta
454 2830 553 2913 igitur
571 2831 723 2916 cupidine
740 2840 852 2916 captus
867 2831 966 2894 Paria
982 2829 1115 2894 classem
1123 2829 1309 2915 parandam
1324 2840 1425 2906 curat,

242 2931 281 2994 cf.
305 2955 336 2995 v.
362 2937 421 3001 107
445 2955 531 3019 sqq:

396 3053 504 3117 ‘Troia
527 3055 707 3118 caeduntur
728 3053 873 3139 Phrygia
894 3054 1005 3140 pineta
1027 3053 1132 3117 securi

446 3178 593 3243 quaeque
617 3166 686 3223 erat
709 3158 877 3243 aequoreis
899 3157 987 3222 utilis
1009 3156 1105 3221 arbor
1128 3155 1227 3241 aquis.

327 3383 348 3450 ¹)
366 3381 494 3437 Similiter
512 3385 592 3436 etiam
609 3383 770 3438 Dracontius
789 3383 868 3451 Rapt.
887 3383 946 3436 Hel.
966 3401 989 3436 v.
1008 3383 1040 3437 61
1061 3399 1131 3450 sqq:

394 3488 455 3540 ‘iam
473 3504 539 3554 grex
556 3486 687 3550 horretur,
706 3485 793 3542 fontes
811 3503 873 3541 casa
890 3501 989 3554 pascua
1007 3486 1090 3539 silvae

446 3571 554 3626 flumina
574 3589 637 3625 rura
655 3573 745 3640 pigent
764 3590 812 3626 nec
830 3573 919 3626 fistula
938 3571 1021 3625 dulcis
1040 3578 1155 3634 amatum

395 3677 447 3713 non
466 3659 554 3726 placet
573 3657 688 3723 Oenone,
708 3659 755 3712 sed
772 3661 825 3712 iam
842 3674 925 3727 prope
943 3659 1028 3726 turpis
1046 3657 1160 3712 habetur
1178 3698 1183 3709 .
1204 3701 1209 3712 .
1230 3697 1236 3710 .

447 3745 555 3799 sordent
573 3761 635 3797 arva
655 3745 708 3798 viro
727 3753 787 3812 post
805 3746 891 3813 iurgia
909 3750 984 3797 tanta
1003 3743 1127 3798 dearum'.

242 3851 298 3915 Quo
317 3868 332 3904 c
351 3851 466 3904 carmine
485 3851 648 3903 vetustorum
667 3848 860 3916 illustriumque
878 3852 1029 3916 poematum
1048 3847 1177 3915 quaedam
1196 3847 1300 3900 elucere
1313 3844 1426 3912 vestigia

241 3953 292 3989 non
311 3938 367 3990 sine
386 3938 443 3990 iure
455 3936 603 3989 Buecheler
621 3936 771 4000 suspicatur
788 3934 827 4000 (in
839 3933 907 3986 Mus.
921 3933 1005 3987 Rhen.
1026 3933 1076 3987 vol.
1095 3928 1202 3985 XXVII
1218 3950 1243 4000 p.
1257 3932 1319 3998 477)
1333 3947 1424 3985 assen-

241 4023 324 4075 tIentc
343 4022 492 4075 Ribbeckio
510 4022 609 4088 (‘Trag.
630 4019 702 4074 rom.’
721 4037 745 4088 p.
765 4020 818 4086 91).

327 4123 407 4192 ²)Cf.
429 4124 509 4178 Hand
533 4123 690 4178 ‘Turscllin'
715 4123 729 4178 1
751 4141 776 4192 p.
802 4123 843 4175 44.
883 4122 994 4176 Kiihncr
1020 4123 1137 4190 ‘gramm
1161 4121 1215 4175 Iat'
1234 4119 1262 4174 11
1280 4119 1295 4190 ἓ
1315 4121 1361 4184 90,
1379 4119 1424 4173 31.

242 4211 347 4264 Rdnsch
368 4209 444 4264 ‘Itala
461 4211 515 4264 und
534 4209 658 4278 Vulgata'
678 4210 745 4263 1869
763 4227 788 4277 p.
807 4208 859 4260 452
878 4225 915 4277 sq.
945 4209 1011 4262 Item
1030 4208 1185 4262 Ircllenistas
1203 4222 1331 4273 usurpare
1349 4222 1425 4274 prae·

242 4297 399 4364 positionem
423 4293 501 4364 παρά
526 4303 551 4350 et
570 4296 738 4364 Neograecos
764 4293 821 4348 ἀπό
839 4296 957 4348 Buresch
982 4313 1004 4348 v.
1031 4295 1056 4349 d.
1081 4310 1122 4348 me
1141 4293 1230 4348 docuit
1248 4290 1291 4360 (cf.
1310 4291 1425 4346 erindern

243 4383 268 4434 in
287 4382 415 4436 Fleckeis.
453 4381 547 4437 Annal.
567 4382 615 4435 vol.
635 4382 747 4435 CXLIII
765 4399 791 4450 p.
811 4379 879 4448 540).
