3242 4860
710 289 764 375 ..¹
798 332 861 396 104
903 365 947 374 .-

238 499 461 584 antiquiorem,
486 499 558 564 dico
574 498 743 586 Sophoclis
756 497 992 580 Alexandrum,
1017 499 1106 562 cuius
1116 499 1312 583 'tragoediae
1327 521 1437 583 argu--

238 611 383 666 mentum
412 602 499 667 idem
528 603 599 668 fere
621 612 717 688 atque
741 602 937 689 Euripideae
960 601 1033 686 firit,
1062 601 1309 667 fundamentum
1332 611 1421 666 certe

196 739 198 744 v
235 704 380 770 fabulam
405 707 445 770 de
468 705 586 770 Paride
610 706 755 793 exposito
777 715 940 770 narratam
963 705 1060 770 fuisse
1084 705 1181 770 etia'm
1202 705 1327 772 Robert
1349 728 1424 770 con-

241 808 338 873 cedit.
383 817 427 874 At
449 811 476 874 si
498 810 568 896 quis
592 830 664 873 cum
687 809 829 874 Roberto
852 809 893 894 (l.-
909 809 929 874 l.
951 833 982 897 p.
1003 813 1079 892 237)
1104 810 1252 896 opinatur
1273 809 1328 874 vel
1350 831 1424 873 eam

240 913 441 997 tragoediam
470 923 637 999 tantopere
665 912 863 977 celebratam
887 935 974 995 esse,
1003 923 1040 977 ut
1061 935 1144 999 quae
1167 912 1329 998 aliquanto
1351 923 1426 999 post

160 1071 162 1078 ,
238 1016 412 1102 Euripides
434 1016 551 1081 leviter
566 1017 683 1101 tetigit,
707 1016 855 1080 omnibus
870 1017 978 1081 statim
993 1026 1070 1080 nota
1086 1025 1201 1098 essent,
1225 1016 1279 1080 vel
1295 1017 1424 1080 omnino

241 1118 435 1205 Sophoclem
464 1120 568 1206 ipsum
598 1120 681 1185 hacc
708 1119 815 1183 omnia
840 1120 980 1205 primum
1003 1120 1221 1203 excogitasse,
1253 1120 1283 1183 ei
1307 1109 1424 1184 causae

240 1231 289 1285 sat
320 1244 436 1306 graves
465 1223 594 1289 obstant
622 1247 642 1287 a
664 1221 847 1288 Wentzelio
876 1248 908 1311 p.
931 1227 973 1292 35
995 1245 1042 1308 sq.
1070 1222 1226 1308 prolatae.
1271 1223 1357 1307 Ergo
1381 1223 1424 1286 ad

230 1325 382 1390 'fabulam
415 1325 504 1389 illam
533 1325 790 1412 pervulgandam
818 1348 880 1391 nec
910 1325 1086 1412 Sophocles
1115 1349 1221 1412 nequa
1252 1326 1426 1412 Euripides

241 1428 376 1492 multum
405 1429 593 1512 valuerunt,
623 1429 682 1494 sed
711 1439 824 1494 auctor
853 1430 1000 1516 quidam,
1031 1452 1127 1516 quem
1149 1429 1196 1493 illi
1218 1430 1278 1516 ipsi
1300 1430 1333 1493 in
1355 1430 1425 1493 uni-

240 1554 369 1597 versum
392 1533 495 1596 secuti
517 1541 599 1596 sunt.

326 1635 420 1700 Haec
450 1645 559 1699 autem
589 1636 791 1701 ratiocinatio
815 1636 919 1700 everti
947 1636 1100 1700 videatur
1128 1637 1174 1719 ei,
1205 1637 1260 1722 qui
1282 1634 1425 1701 Roberto

242 1740 414 1803 assentitur
428 1762 528 1802 unum
543 1738 648 1804 locum
661 1737 873 1825 Euripideum
890 1740 996 1806 eidem
1013 1740 1054 1805 de
1066 1740 1190 1804 Paridis
1204 1739 1428 1804 adulescentia

241 1842 416 1906 narrationi
439 1850 692 1929 superstructum
716 1865 797 1925 esse,
821 1865 918 1929 quam
937 1842 1124 1908 exhibuisse
1141 1844 1306 1910 docuimus
1321 1843 1428 1928 Lyco-

241 1943 398 2030 phronem
421 1945 662 2031 Euphorionem
684 1945 881 2012 Colluthum.
914 1945 996 2012 Sunt
1016 1969 1130 2012 versus
1143 1947 1246 2012 Andr.
1263 1952 1326 2016 293
1342 1969 1426 2032 sqq.:

513 2069 583 2136 siba
606 2065 632 2134 δ’
656 2063 732 2154 ὑπὲρ
755 2067 900 2155 κεφαλὰν
925 2073 1035 2153 ἔβαλεν
1058 2066 1159 2137 κακάν

507 2165 535 2236 ιἁ
558 2168 697 2238 τεκοῦσά
719 2197 761 2237 νιν
786 2169 879 2260 μόρον
892 2172 928 2257 ¹),

513 2274 580 2360 πρὶν
599 2271 714 2340 Ἰδαῖον
738 2278 921 2342 κατοικίσαι
943 2280 1053 2358 λέπας,

512 2374 568 2444 ’ότι
590 2402 633 2443 νιν
656 2374 744 2464 παρὰ
765 2381 925 2470 ςδεσποσίῳ
950 2377 1056 2472 δάφνᾳ

515 2476 611 2564 βόασε
634 2477 808 2566 Κασάνδρα
830 2494 965 2551 κτανεῖν.

242 2618 345 2684 Recte
378 2628 486 2683 autem
520 2640 648 2683 sensum
680 2617 822 2702 explicat
852 2617 1040 2684 scholiasta:
1076 2625 1145 2690 siba
1176 2619 1252 2709 ὑπὲρ
1282 2626 1429 2708 κεφαλῆς

242 2721 383 2810 Πάριδος
406 2727 500 2806 ἔβαλε
522 2720 664 2789 ἳιάνατον
687 2717 707 2810 ἡ
731 2725 870 2790 τεκοῦσα
893 2721 946 2790 τὀν
964 2723 1072 2810 Πάριν,
1098 2724 1184 2810 quod
1199 2724 1312 2812 procul
1327 2724 1427 2789 dubio

245 2824 284 2888 de
313 2825 406 2911 pueri
437 2823 538 2889 caede
564 2823 815 2909 intelligendum
842 2834 891 2888 est
914 2835 946 2890 et
967 2837 1079 2912 postea
1102 2827 1203 2892 verbo
1227 2840 1352 2897 κτανεῖν
1371 2819 1428 2890 ac-

244 2929 385 2992 curatius
408 2927 618 3012 significatur.
653 2927 765 2992 Verba
787 2938 895 2993 autem
915 2927 1033 2999 Ἰδαῖον
1057 2935 1240 3000 κατοικίσαι
1262 2936 1363 3010 λέπας
1386 2930 1426 2994 de

221 3030 360 3096 ,Paride
390 3031 552 3116 exposito,
582 3053 647 3096 non
677 3053 735 3094 sua
763 3042 875 3117 sponte
905 3032 939 3096 in
961 3032 1022 3097 Ida
1051 3032 1218 3099 habitante
1246 3034 1312 3098 dici
1333 3057 1428 3097 unus-

244 3135 378 3220 quisque
395 3133 577 3199 Wentzelio
593 3133 734 3198 libenter
749 3135 908 3200 concedat
925 3135 979 3219 (cf.
996 3135 1094 3200 etiam
1105 3135 1176 3223 Iph.
1188 3138 1230 3202 A.
1244 3142 1327 3207 1284
1335 3142 1426 3224 sqq.).

243 3236 309 3302 Sed
331 3247 441 3302 tamen
463 3237 564 3302 verbo
587 3243 770 3307 κατοικίσαι
792 3240 957 3326 aptissime
980 3249 1132 3326 usurpato
1155 3249 1252 3326 poeta
1274 3240 1367 3306 simul
1381 3241 1428 3303 in-

244 3339 332 3404 dicat
352 3340 505 3404 Paridem
534 3350 697 3405 servatum
721 3363 807 3425 esse,
837 3342 870 3406 id
893 3343 979 3430 quod
1002 3352 1037 3406 ut
1059 3342 1161 3408 verbo
1183 3358 1309 3413 κτανεῖν
1332 3367 1428 3430 oppo-

243 3444 339 3506 situm
368 3442 491 3507 Robert
524 3443 719 3527 cogitatione
753 3454 877 3510 tantum
906 3444 1073 3510 subaudiri
1101 3445 1180 3511 vult.
1232 3448 1428 3513 Brevissima

244 3546 329 3609 enim
360 3545 500 3609 dictione
523 3568 599 3610 usus
622 3569 660 3611 ac
683 3547 816 3613 fortasse
839 3549 983 3613 severius
1006 3548 1178 3635 Euripides
1201 3572 1298 3636 quam
1320 3551 1428 3616 verius

242 3649 327 3712 inter
356 3648 517 3713 vocabula
546 3651 730 3735 exponendi
761 3662 794 3716 et
815 3651 954 3716 necandi
977 3652 1160 3737 distinguit,
1192 3654 1342 3738 quoniam
1365 3654 1427 3718 hoc

242 3752 298 3818 illo
328 3751 413 3816 effici
444 3752 584 3835 solebat,
614 3778 676 3820 nec
705 3764 815 3819 tamen
842 3757 910 3820 sine
933 3756 1000 3820 ulla
1022 3779 1134 3839 causa,
1165 3779 1239 3821 cum
1261 3756 1372 3822 Paridi
1393 3758 1428 3822 id

243 3857 356 3941 ipsum,
379 3855 466 3943 quod
482 3859 646 3943 expositus
662 3869 741 3941 erat,
765 3859 862 3923 saluti
876 3859 974 3924 fuisse
989 3869 1061 3952 post
1077 3869 1231 3925 eventum
1247 3872 1426 3948 appareret.

329 3959 492 4044 Denique,
515 3983 556 4025 ne
579 3961 747 4026 minimum
761 3960 963 4047 neglegatur,
986 3972 1125 4049 poetam,
1149 3964 1268 4051 quippe
1284 3965 1428 4052 quicum

245 4063 363 4126 ceteris
393 4061 474 4128 locis
502 4087 599 4151 supra
622 4066 744 4147 citatis,
775 4065 892 4151 quibus
914 4065 1002 4129 idem
1025 4065 1202 4150 significat,
1232 4077 1316 4152 tum,
1343 4068 1429 4155 quod

330 4307 350 4375 1)
371 4308 447 4375 ouon
472 4308 515 4362 ha
540 4308 616 4362 nuris
639 4325 701 4362 mse.
723 4307 837 4360 uantur
858 4306 958 4377 naa,
984 4311 1155 4378 apertissima
1178 4275 1349 4379 interpolatio
1373 4318 1425 4375 esa

245 4392 277 4445 cf.
296 4393 376 4445 schol.
