3214 4854
654 337 782 400 m19
838 369 869 376 -

261 497 405 562 Primum
427 498 527 582 igitur
548 497 641 564 Iason
665 501 805 564 reditum
829 524 920 565 suum
938 538 977 548 -
999 499 1124 564 scilicet
1146 501 1179 563 in
1202 500 1360 564 Lemnum

174 599 311 664 insulam
335 600 389 686 (cf.
413 626 445 665 v.
468 602 523 688 62)
550 603 749 690 —ideoque
778 605 876 668 etiam
899 603 1052 667 mandata
1074 602 1274 689 perficienda
1295 603 1360 667 fato

175 726 209 766 se
232 705 398 768 remittere
422 705 510 787 dicit,
534 705 617 770 sicut
639 706 725 792 apud
747 707 955 793 Apollonium
977 706 1113 771 deorum
1135 708 1298 794 potentiae
1322 730 1360 770 ac

175 806 386 872 voluntatis.
410 815 474 878 900
496 831 581 895 sqq.:

324 943 497 1034 Ὑψιπύλη,
522 944 564 1014 τὰ
588 949 643 1032 μέν
668 946 747 1016 ούτω
774 953 921 1034 ἐναίσιμα
945 945 1052 1016 πάντα
1075 954 1193 1034 γένοιτο

224 1067 227 1072 “
331 1054 368 1117 ἐκ
392 1048 555 1137 μακάρων,
579 1049 654 1138 τύνη
679 1050 704 1117 δ’
729 1056 844 1137 ἐμέδεν
867 1056 938 1140 πέρι
960 1050 1062 1138 ἳιυμδν
1087 1051 1181 1140 ἀρείω

329 1151 439 1240 ἴσχαν’,
465 1153 533 1220 ἐπεὶ
556 1151 677 1242 πάτρην
702 1181 754 1240 μοι
778 1152 847 1232 ἅλις
870 1157 990 1224 Πελίαο
1015 1157 1106 1243 ἕκητι

329 1253 502 1323 ναιετάειν·
526 1255 635 1341 μοδνύν
659 1285 698 1342 με
721 1258 792 1326 {aa
815 1254 941 1326 λύσειαν
965 1257 1100 1326 άέδλων.

173 1410 304 1475 Deinde
339 1408 540 1496 Hypsipylae
578 1433 707 1496 semper
742 1433 813 1476 sese
851 1422 1116 1476 conservaturum
1154 1435 1223 1477 esse
1260 1413 1359 1478 fidem

175 1515 316 1598 coniugii
338 1515 404 1577 iam
425 1515 496 1577 initi
510 1514 620 1578 verbis
635 1526 684 1579 sat
698 1516 877 1601 perspicuis
891 1513 1062 1601 pollicetur
1078 1515 1122 1603 (V.
1139 1516 1205 1603 60).
1238 1516 1359 1582 Contra

175 1617 261 1703 apud
282 1616 488 1702 Apollonium
512 1627 637 1682 tanturn
660 1617 761 1700 abest,
784 1630 820 1682 ut
842 1619 1019 1683 certissime
1036 1618 1196 1683 Lemnum
1218 1643 1252 1684 se
1273 1620 1358 1684 redi·
1438 1604 1440 1610 ’

173 1730 282 1784 turum
305 1743 374 1784 esse
396 1720 601 1807 profiteatur,
625 1732 661 1784 ut
682 1722 786 1785 missis
808 1721 1000 1806 ambagibus
1023 1724 1223 1807 apertissime
1247 1723 1356 1788 dicere

172 1833 289 1910 pergat
316 1823 414 1889 rebus
442 1824 477 1888 in
497 1823 654 1890 Colchide
681 1823 820 1888 feliciter
846 1817 945 1909 gestis
966 1826 1000 1887 in
1023 1824 1198 1889 Graeciam
1220 1827 1357 1912 patriam

173 1949 207 1991 se
230 1949 437 1992 reversurum
460 1949 530 1992 esse
551 1928 596 2016 (v.
612 1929 703 2016 904);
726 1950 788 1992 nec
804 1951 868 1992 non
883 1927 1066 2013 Hypsipyle
1081 1929 1186 1993 minus
1202 1931 1356 1994 amatorie

173 2031 281 2096 omnia
307 2031 429 2096 Iasonis
458 2032 617 2096 voluntati
648 2033 798 2097 concedit
830 2031 884 2118 (cf.
909 2055 939 2095 v.
964 2035 1024 2100 891
1050 2033 1121 2119 sq.).
1167 2033 1281 2119 Itaque
1308 2034 1357 2097 Ia-

164 2157 284 2199 sonem
307 2157 348 2198 ne
372 2136 512 2220 coniugii
536 2135 668 2223 quidem
690 2135 789 2200 fidem
804 2135 852 2198 illi
868 2135 995 2199 dedisse
1011 2134 1200 2221 Apollonius
1215 2137 1318 2220 fingit.
1332 2139 1356 2223 ¹)

173 2238 255 2301 Toto
285 2247 394 2302 autem
425 2237 562 2304 disticho
586 2237 747 2304 Ovidiano
775 2245 817 2308 59
840 2262 885 2325 sq.
910 2260 949 2300 ea
971 2240 1132 2304 sententia
1155 2240 1356 2325 exprimitur,

173 2342 264 2427 quasi
285 2341 469 2427 Hypsipyle
501 2352 576 2405 ante
604 2343 758 2424 oraverit,
789 2341 876 2429 quod
899 2341 985 2426 apud
1007 2341 1214 2428 Apollonium
1236 2343 1358 2428 profert

171 2468 201 2507 ν.
220 2449 298 2512 896ε
324 2443 422 2531 μνώεο
448 2439 508 2532 μὴν
532 2443 637 2513 άπέων
660 2473 717 2534 περ
741 2443 826 2531 ὁμῶς
849 2447 904 2514 καὶ
927 2443 1074 2530 νόστιμος
1090 2443 1355 2535 ἤδηὝῲιπύλης,

172 2549 255 2611 sicut
277 2549 424 2633 proximo
449 2544 586 2613 disticho
610 2554 649 2618 61
667 2571 712 2635 sq.
747 2547 842 2613 Iason
865 2550 983 2635 optime
1006 2549 1051 2614 eis
1066 2548 1249 2634 respondet,
1273 2573 1356 2637 quae

171 2651 286 2734 regina
307 2651 486 2736 interrogat
508 2652 569 2737 Ap.
593 2676 624 2715 ν.
649 2657 710 2720 897
735 2675 798 2737 sq.:

326 2794 395 2858 λίπε
419 2790 445 2857 δ’
468 2786 541 2877 ἡμὶν
566 2796 650 2872 ἔπος,
676 2789 789 2858 τέκεν
814 2787 1001 2876 ἐξανύσαιμι

172 2891 327 2981 πρόφρων,
343 2892 380 2979 ἢν
397 2890 462 2981 ἄρα
477 2892 515 2981 δη’
533 2921 572 2980 με
584 2895 655 2962 aaa
668 2891 769 2961 δώωσι
780 2899 937 2962 τεκέσῖιαι
948 2891 1355 2980 (of.va1.rl.11422sqq.).

171 3048 222 3111 Ac
253 3047 294 3110 de
323 3048 430 3133 prole,
460 3049 521 3112 nisi
543 3049 612 3136 ipse
634 3049 761 3130 redeat,
792 3049 1047 3134 praecipientem
1071 3070 1145 3112 eum
1167 3046 1356 3133 Apollonius

170 3149 250 3214 facit
271 3175 302 3215 v.
326 3155 389 3222 905
412 3175 494 3237 sqq.:

497 3278 547 3346 leil
573 3271 609 3342 σύ
634 3273 660 3339 δ’
684 3269 801 3362 ἄρσενα
824 3280 924 3341 παῖδα
946 3277 1071 3361 τέκηαι,

324 3382 430 3463 πέμπε
455 3404 504 3462 μιν
527 3373 695 3462 ἡβήσαντα
718 3380 915 3462 Πελασγίδος
939 3381 1022 3443 ἔνδον
1041 3375 1171 3444 Ἰωλκοῦ

327 3483 424 3567 πατρί
446 3479 474 3546 τ’
498 3484 563 3571 ἐμῷ
585 3481 641 3548 καί
664 3481 758 3568 μητρὶ
781 3478 858 3566 δύης
880 3477 970 3558 άκος,
994 3477 1030 3565 ἢν
1055 3477 1119 3567 ἄρα
1141 3480 1251 3566 τούςφε

323 3586 426 3672 τέτμη
452 3588 497 3650 έτι
521 3581 668 3662 ζώοντας,
692 3583 729 3650 ἵν’
753 3581 866 3670 ἄνδιχα
888 3595 954 3651 τοῖο
979 3580 1119 3660 ἄνακτος

327 3698 447 3771 σφοῖσιν
471 3684 682 3774 πορσύνωνται
706 3690 845 3774 ἐφέστιοι
869 3690 899 3752 ἐν
924 3684 1113 3773 μεγάροισιν,

171 3864 255 3927 quae
284 3840 387 3905 verba
416 3841 525 3906 nescio
556 3863 596 3904 an
620 3839 758 3905 Ovidius
786 3841 951 3926 respiciat,
983 3863 1056 3904 cum
1086 3840 1216 3903 mutatis
1238 3864 1356 3927 nempe

171 3943 556 4032 mutandisHypsipylam
566 3945 607 4008 de
615 3945 723 4029 pueris
732 3942 1009 4030 haecloquentem
1017 3944 1149 4007 inducat
1158 3943 1202 4028 (v.
1213 3945 1355 4031 125sq.):

326 4081 460 4165 ‘legatos
483 4105 562 4169 quos
584 4105 688 4168 paene
712 4082 789 4146 dedi
811 4105 869 4168 pro
892 4092 995 4146 matre
1018 4081 1185 4164 terendos3

399 4187 457 4249 sed
479 4187 583 4249 tenuit
606 4196 736 4272 coeptas
758 4209 856 4250 saeva
878 4208 1020 4250 noverea
1042 4185 1130 4249 vias'.

169 4293 376 4300 ———-—.--

258 4393 277 4456 1λ
296 4393 354 4446 Ηοο
371 4398 443 4447 recte
463 4392 649 4447 animadvertit
667 4394 834 4447 Burmannus
852 4395 885 4447 ad
905 4394 951 4447 Ov.
971 4411 994 4446 ν.
1013 4395 1054 4447 60.

1167 4481 1200 4533 2*
