3242 4860
743 321 957 385 ..92-

262 490 316 577 (cf.
341 490 438 555 etiam
461 489 541 553 Stat.
565 489 634 554 silv.
658 489 705 554 IV
729 497 765 571 8,
789 494 830 558 28
853 490 924 576 sq).
970 488 1066 568 Quod
1096 511 1158 573 qno
1182 489 1284 578 magis
1307 487 1444 568 eluceat,

260 593 464 679 respicienda
476 603 549 658 sunt
561 594 663 659 verba
676 617 751 658 cum
762 593 954 660 scholiastae
966 592 1155 657 adTheocr.
1168 591 1259 678 idyll.
1269 589 1381 656 XVIII
1388 595 1443 659 23:

259 696 309 766 ότι
337 703 415 777 ἐῖιος
438 695 518 786 εἶχον
542 701 575 766 αἱ
597 696 758 767 Λάκαιναι
781 697 837 766 καί
860 700 894 765 ai
917 700 1155 784 Σπαρτιατίδες
1177 693 1270 783 κόραι
1294 693 1445 782 ἀνδρείοις

262 804 445 888 γυμνασίοις
460 801 516 869 καί
532 799 658 889 δρόμοις
674 799 847 870 deustchen
863 805 964 888 δῆλον,
989 809 1059 863 tum
1074 797 1235 862 Eustathii
1250 797 1292 862 ad
1307 797 1403 862 Hom.
1420 800 1444 870 Ξ

260 926 292 989 Ρ.
316 906 393 986 975,
417 909 475 972 37:
503 907 609 984 Ἁίλιος
633 902 789 982 Διονόσιος
812 903 972 994 δωριάζειν
996 904 1073 992 φησί
1095 901 1131 970 τό
1154 906 1365 990 παραραίνειν
1389 901 1446 969 καί

262 1011 483 1095 παραγυμνοῦν
515 1004 592 1076 nolti
622 1035 652 1075 τι
682 1011 737 1075 τοῦ
766 1005 922 1094 σώματος.
955 1011 988 1080 al
1016 1003 1077 1094 γὰρ
1101 1003 1188 1074 κατὰ
1211 1001 1446 1093 Πελοπόννησόν

263 1135 339 1199 φησι
368 1107 460 1198 νιόραι
490 1115 678 1199 διημέρευον.
696 1107 832 1191 ἄζωστοι
854 1111 910 1179 καί
934 1109 1100 1198 ἀχίτωνες,
1133 1107 1257 1194 ἱμάτιον
1282 1106 1371 1196 μόνον
1396 1107 1447 1174 ἐπὶ

261 1217 388 1303 ἳνατέρρι
412 1217 704 1302 ε’πιπεπορπημέναι
727 1213 825 1295 (adde
849 1212 948 1278 schol.
971 1211 1049 1276 Eur.
1065 1212 1148 1275 Hac.
1165 1216 1238 1280 934.
1271 1209 1311 1275 Ο.
1326 1208 1447 1272 Miiller

263 1315 399 1379 ‘Dorier'
415 1314 465 1378 ΙΙ2
480 1338 511 1401 p.
528 1318 615 1397 260).
649 1315 751 1379 Recte
774 1317 873 1400 igitur
894 1315 1136 1400 Engelmanuus
1160 1313 1243 1379 haec
1260 1305 1312 1396 ¹(in
1327 1311 1445 1376 Rosch.

261 1418 326 1482 lex.
343 1418 359 1481 I
373 1442 405 1505 p.
424 1424 533 1500 least:
551 1417 683 1483 '‘Durch
699 1420 771 1484 eine
786 1419 1031 1484 Vorausnahme
1048 1428 1193 1506 spaterer
1208 1413 1447 1503 spartanischer

262 1521 343 1586 Sitte
372 1522 450 1585 l'asst
478 1521 531 1585 die
562 1523 646 1606 Sage
677 1523 729 1588 die
756 1523 886 1608 Helena
915 1546 997 1608 ganz
1027 1525 1089 1587 wie
1121 1522 1174 1585 die
1202 1518 1448 1607 spartanischen

261 1623 427 1689 Madohen
447 1626 482 1688 in
505 1625 673 1690 allerhand
695 1626 926 1712 korperliohen
945 1607 1111 1710 libungen
1134 1645 1273 1708 erzogen
1294 1621 1446 1686 werden'.

262 1728 360 1793 Cuius
387 1727 516 1792 fabulae
539 1730 696 1794 versionis
718 1754 818 1795 unum
840 1741 1012 1818 praeterea
1034 1729 1192 1793 habemus
1215 1735 1332 1790 testem
1354 1723 1448 1788 Euri-

261 1831 387 1918 pidem,
412 1832 467 1918 qui
488 1832 623 1897 Peleum
646 1834 733 1920 apud
754 1832 940 1898 Menelaum
964 1833 1104 1897 eundem
1128 1853 1251 1895 morem
1272 1828 1450 1914 reprehen-

263 1934 394 1998 dentem
416 1935 495 2000 facit
516 1935 619 2000 Andr.
643 1942 707 2006 595
729 1959 814 2023 sqq:

628 2073 690 2143 οὐδ’
714 2073 762 2157 ἀν,
788 2081 815 2144 εί
838 2075 980 2160 βοόλοιτό
1003 2101 1062 2156 τις,

417 2175 546 2266 σώφρων
570 2183 689 2263 γένοιτο
713 2184 955 2267 Σπαρτιατίδων
979 2176 1067 2268 νιόρη,

418 2279 526 2362 orl-&in
549 2286 658 2350 νέοισιν
685 2285 893 2372 ἐξερημοῦσαι
916 2280 1032 2369 δόμους

416 2396 558 2470 γυμνοῖσι
581 2395 692 2473 μηροῖς
714 2386 770 2452 καί
792 2391 923 2464 πέπλοις
947 2384 1121 2472 ἀνειμένοις

417 2486 576 2574 δρόμους
599 2491 837 2575 παλαίστρας
860 2486 888 2556 τ’
911 2487 968 2557 οίννι
993 2487 1186 2576 ἀνασχέτους
1211 2490 1280 2572 ε’μοί

416 2589 525 2670 κοινὰς
549 2595 661 2678 έχουσι.
686 2583 774 2658 κᾶτα
795 2590 974 2680 ὶιαυμάζειν
997 2589 1104 2680 χρεών,

417 2698 444 2762 εἰ
468 2693 511 2782 μὴ
535 2706 691 2780 γυναῖκας
713 2693 879 2784 σώφρονας
900 2693 1084 2774 nathaliam
1109 2693 1164 2779 (of.
1185 2691 1260 2756 Hel.
1281 2697 1343 2761 207
1361 2691 1446 2776 sqq.)

260 2847 375 2932 quibus
410 2847 487 2912 addi
519 2848 597 2913 licet
625 2849 741 2933 tragici
771 2848 936 2930 cuiusdam
965 2871 1079 2912 versus
1108 2871 1127 2911 a
1157 2846 1315 2912 Cicerone
1346 2847 1445 2910 Tusc.

260 2950 340 3036 disp.
363 2951 397 3014 H
422 2956 478 3033 15,
506 2957 546 3020 36
574 2962 734 3034 servatos,
765 2954 820 3040 qui
850 2975 893 3016 ex
913 2951 1081 3035 Meleagro
1104 2952 1199 3015 Accii
1229 2951 1347 3035 sumpti
1374 2972 1446 3014 esse

258 3051 441 3119 Ribbeckio
464 3055 626 3137 videntur,
650 3056 714 3119 inc.
737 3055 887 3120 ina‘fab.
910 3054 987 3138 fgm.
1012 3054 1100 3118 OXI:
1157 3046 1161 3053 ⁵

393 3191 483 3255 ‘nihil
505 3190 620 3256 horum
643 3193 746 3257 simile
770 3202 825 3258 est·
840 3191 926 3279 apud
948 3192 1115 3256 Lacaenas
1137 3191 1289 3273 virgines,

393 3296 508 3381 quibus
530 3297 633 3380 magis
655 3296 851 3383 palaestra
872 3295 1018 3360 Eurota
1040 3294 1087 3359 sol
1109 3293 1215 3380 pulvis
1236 3294 1327 3359 labos

392 3398 507 3462 militia
529 3399 634 3464 studio
659 3409 707 3464 est
729 3423 826 3485 quam
848 3399 996 3464 fertilitas
1018 3397 1177 3462 barbara'.

231 3639 233 3645 s
262 3553 503 3617 Alexandrinos
531 3576 610 3617 vero
639 3553 724 3618 hanc
753 3577 822 3618 rem
853 3555 1024 3640 arripuisse
1054 3553 1172 3618 docent
1195 3551 1360 3638 exempla:
1391 3552 1449 3618 illo

263 3657 348 3720 enim
370 3658 404 3720 in
425 3654 618 3743 hymenaeo,
643 3679 739 3742 quem
763 3657 956 3722 Theocritus
978 3657 1012 3720 in
1033 3654 1166 3721 laudem
1184 3654 1326 3720 Menelai
1348 3655 1450 3721 Hele-

262 3782 388 3846 naeque
423 3762 578 3843 confecit,
612 3761 741 3847 puellae
775 3760 927 3846 aequales
957 3759 1170 3845 Helenaeque
1204 3760 1328 3828 amicae
1363 3758 1449 3823 haec

263 3874 382 3928 canunt
403 3888 435 3928 v.
459 3869 501 3931 22
524 3886 588 3950 sq.:

392 4001 500 4092 ἄμμες
523 4001 548 4070 δ’
573 4006 606 4070 αί
628 4006 730 4070 πᾶσαι
754 4001 971 4090 συνομάλικες,
997 3999 1049 4082 αἷς
1072 4000 1209 4090 δρόμος
1232 3986 1332 4081 ωὑτός

390 4111 596 4195 χρισαμέναις
619 4104 757 4193 ἀνδριστὶ
778 4103 851 4194 παρ’
874 4103 1051 4193 Εὐρώταο
1075 4113 1222 4194 λοετροῖς.

262 4261 479 4328 Callimachus
513 4271 622 4326 autem
656 4260 788 4324 easdem
817 4270 905 4324 certe
935 4259 1166 4324 Dioscurorum
1198 4259 1451 4324 exercitationes

262 4366 424 4458 significat
448 4365 559 4456 hymn.
581 4364 613 4427 V
636 4368 676 4431 23
701 4383 769 4450 sqq.
795 4363 851 4449 (de
866 4363 996 4427 Venere
1020 4374 1095 4427 ante
1112 4363 1237 4428 Paridis
1259 4361 1445 4449 iudicium):
