3214 4854
672 327 884 414 -α-

315 494 357 576 ὃς
381 495 444 586 ἄρα
467 502 508 588 τῇ
532 495 632 575 καλὸς
655 499 711 584 μὲν
736 495 892 584 ἐπηλνὲεν
917 495 1124 585 είςοράασῖναι
1165 531 1167 535 ⁴

312 604 487 689 Αἰσονίδης,
511 598 659 686 κάματον
683 603 717 668 δὲ
741 604 901 689 δνςίμερον
925 592 1003 690 ὦρσε
1028 605 1196 688 φαανῖνείς.

314 708 350 770 ἐκ
367 703 393 770 δ’
409 700 473 792 ἄρα
490 707 518 771 οί
534 706 648 791 κραδίη
667 708 811 790 στηλέων
828 709 932 785 πέσεν,
949 701 1084 790 ’ὄμματα
1100 702 1126 771 δ’
1143 701 1248 782 αίίτως

311 805 454 894 ἤχλυσεν,
478 804 596 894 ἳνερμὸν
621 807 655 873 δὲ
679 810 885 894 παρηίδας
909 802 1014 875 εἷλεν
1039 811 1219 895 ἔρενῖνος.

180 942 296 1032 Neque
331 945 408 1009 huic
441 955 538 1031 poeta
573 942 803 1008 alexandrinus
836 967 880 1007 ex
913 945 1097 1030 aequalium
1130 966 1219 1010 more
1255 943 1368 1008 deesse

181 1058 287 1134 potest
317 1049 478 1112 occasioni
500 1047 686 1112 Aesonidae
715 1047 919 1111 formositatis
948 1048 1066 1112 iterum
1092 1050 1274 1133 iterumque
1297 1069 1368 1133 pre·

182 1151 338 1236 mendae3
363 1152 403 1216 ef.
427 1176 458 1216 v.
482 1158 545 1221 919
568 1173 654 1236 sqq.:

314 1270 378 1341 tvu'
403 1270 487 1341 οὔπω
511 1298 560 1352 τις
583 1285 668 1350 τοῖος
691 1272 742 1339 ε’πί
764 1276 919 1358 προτέρων
943 1273 1045 1356 γένετ’·
1068 1272 1193 1361 ἀνδρῶν,

313 1373 382 1444 οὔδ’
403 1374 471 1445 ‘tea
495 1379 528 1457 ἐξ
552 1373 660 1444 αίντοῖο
685 1373 756 1453 Δίος
779 1378 878 1460 γένος,
904 1371 972 1443 ott'
994 1373 1062 1443 ‘tioot
1085 1373 1186 1444 tillon

312 1477 484 1548 άῖνανάτων
506 1478 608 1567 ἥρωες
632 1476 687 1566 ἀφ’
712 1481 851 1564 αίματος
874 1476 1083 1567 ἐβλάστησαν,
1171 1497 1172 1501 ’

313 1577 373 1650 οἷον
390 1581 517 1670 Ἰήσονα
538 1586 624 1670 &ipae
649 1581 721 1661 Δίος
744 1579 851 1670 δάμαρ
874 1579 976 1669 ἤματι
998 1586 1091 1674 κείνῳ

311 1685 391 1772 ἠμὲν
416 1684 534 1754 ἐσάντα
558 1690 632 1754 ἰδεῖν
655 1685 712 1773 ἠδὲ
736 1683 1055 1774 apostatavimus·
1084 1671 1087 1678 Ι

181 1846 242 1887 nec
264 1846 329 1888 non
350 1791 436 1887 Naso
460 1822 598 1886 eandem
620 1821 738 1887 leviter
760 1823 864 1907 tangit
886 1846 917 1887 v.
941 1828 983 1892 84
1005 1845 1065 1908 sq.:

387 1949 431 2008 ‘et
454 1966 531 2007 casu
554 1943 644 2006 solito
667 1943 985 2008 formosior'Aesone
1008 1953 1101 2011 uatus

344 2083 346 2090 <
386 2046 442 2110 illa
464 2046 537 2110 luce
559 2045 629 2127 fuit,
654 2085 693 2093 —
716 2068 825 2132 posses
846 2047 1015 2130 ignoscere
1040 2047 1178 2127 amanti,

183 2195 215 2248 et
237 2184 302 2249 huo
325 2184 593 2269 spectant'etiam
615 2183 754 2247 Medeae
777 2184 881 2247 verba
904 2207 953 2269 ep.
977 2183 1045 2247 XII
1070 2190 1105 2251 11
1132 2207 1195 2270 sq.:

389 2310 458 2367 ‘our
480 2303 559 2367 mihi
583 2303 653 2388 plus
676 2326 779 2389 aequo
802 2305 878 2368 flavi
902 2304 1054 2389 placuere
1078 2303 1186 2390 capilli

430 2420 463 2472 et
486 2408 585 2472 decor
608 2419 641 2472 et
663 2402 793 2492 linguae
817 2409 921 2493 gratia
943 2407 1020 2472 ficta
1043 2409 1137 2471 tuae'.

180 2550 270 2636 Ipsos
291 2560 400 2612 autem
416 2547 537 2610 Iasonis
556 2545 658 2610 flavos
674 2545 806 2632 capillos
817 2547 840 2622 ¹)
856 2545 1045 2632 Apollonius
1060 2554 1218 2610 memorat
1234 2571 1264 2611 v.
1282 2553 1364 2616 1017

182 2652 258 2740 (ἀπὸ
291 2655 418 2734 ξανῖοἰο
451 2648 616 2738 καρήατος
639 2653 801 2718 Αἰσονίδαο
829 2649 833 2735 l
861 2647 1016 2737 στράπτεν
1037 2648 1148 2737 Ἔρως
1170 2648 1279 2738 ἡδεῖαν
1303 2650 1365 2718 ἀπὸ

182 2751 310 2843 aista).
1073 2834 1076 2845 .

266 2859 443 2921 Praeterea
465 2855 602 2920 Ovidius
629 2857 789 2936 versibus,
818 2879 897 2942 quos
921 2856 961 2919 de
984 2855 1103 2918 Medea
1126 2855 1236 2920 dicere
1259 2858 1367 2942 pergit
1399 2892 1401 2898 ·
1464 2923 1468 2928 ,

181 2972 258 3025 met.
283 2986 312 3025 v.
337 2967 377 3029 86
401 2982 485 3046 sqq.:

336 3087 472 3168 ‘spectat
495 3089 528 3143 et
549 3081 584 3142 in
606 3079 697 3143 vultu
720 3079 822 3144 veluti
844 3088 911 3144 tum
935 3079 1074 3166 denique
1098 3080 1166 3144 viso

335 3183 479 3248 lumina
500 3182 581 3245 fixa
604 3194 710 3248 tenet
731 3207 792 3249 nec
815 3207 849 3248 se
873 3182 1021 3247 mortalia
1043 3183 1176 3248 demens

336 3310 392 3351 ora
414 3287 526 3351 videre
549 3297 651 3374 putat,
674 3311 735 3351 nec
758 3310 793 3351 se
816 3286 958 3352 declinat
980 3287 1021 3351 ab
1045 3286 1119 3368 ill0’‚

181 3427 223 3490 ad
245 3425 385 3512 puellam
410 3426 573 3512 aptissime
596 3437 739 3506 revocat,
764 3449 846 3511 quae
866 3425 1055 3510 Apollonius
1079 3425 1119 3488 de
1144 3447 1184 3488 ea
1204 3435 1236 3487 et
1251 3424 1365 3490 Iasone

181 3529 304 3615 profert
326 3551 356 3594 v.
382 3533 465 3597 1022
488 3551 572 3615 sqq.:

270 3648 366 3736 ἄμφω
392 3649 417 3717 δ’
441 3649 553 3718 άλλοτε
578 3655 634 3736 μέν
658 3677 692 3718 τε
717 3649 798 3718 κατ’
822 3647 950 3730 οὔδεος
972 3646 1108 3737 ὄμματ’
1133 3653 1274 3737 ἔρειδον

270 3751 438 3840 αἰδόμενοι,
463 3749 516 3820 ὁτὲ
540 3751 565 3819 δ’
590 3745 680 3832 αίντις
704 3753 754 3820 ε’πί
779 3757 864 3839 σφίσι
888 3751 1001 3836 βάλλον
1025 3750 1158 3831 ὀπωπάς

268 3854 390 3944 ἱμερόεν
414 3859 578 3946 φαιδρῇσιν
602 3853 652 3924 ὑπ’
677 3854 786 3944 ὀφρύσι
810 3853 1120 3944 μειδιόωντες(ωι1ἀο
1132 3879 1163 3919 ν.
1178 3861 1261 3923 1008
1271 3856 1363 3940 τμη).

179 3994 273 4057 Prior
294 4002 413 4075 autem,
436 4004 472 4056 ut
494 3993 527 4056 in
543 3993 696 4079 Apollinii
716 4003 876 4079 poemate,
899 3993 994 4058 Iason
1009 3992 1111 4074 verba
1127 3992 1235 4055 facere
1252 3992 1365 4078 incipit

179 4099 244 4184 (ep.
262 4095 329 4160 XII
345 4097 399 4181 72)
423 4107 456 4159 et
479 4119 561 4182 quae
584 4097 710 4161 locutus
733 4106 791 4179 est,
814 4097 899 4161 Naso
922 4106 957 4160 ut
980 4095 1161 4160 summatim
1184 4096 1218 4159 in
1233 4105 1362 4160 metam.

268 4303 289 4370 ¹)
308 4303 383 4357 Flavi
410 4304 499 4371 capilli
526 4321 542 4357 a
564 4307 649 4373 poetIs
672 4311 698 4358 et
724 4305 871 4359 hellenistis
899 4309 926 4354 et
950 4306 1079 4370 romanie,
1108 4320 1167 4356 cum
1192 4304 1363 4370 pulcherrimi

178 4389 348 4454 haberentur,
368 4405 447 4457 saepe
465 4390 587 4444 laudibus
607 4389 796 4445 efferebantur:
817 4390 848 4443 cf.
869 4388 962 4442 Rohde
980 4406 1006 4457 p.
1027 4392 1075 4444 153
1095 4389 1156 4442 adn.
1175 4391 1198 4441 3.

1172 4473 1210 4527 3*
