3242 4860
670 306 881 371 „ql-⁴

125 539 128 544 .
185 475 314 562 negotio
338 473 457 559 optime
481 482 621 558 opponat
644 472 688 559 (v.
713 474 800 560 291).
845 473 997 559 Denique
1020 471 1202 554 Oolluthus,
1227 472 1261 535 id
1284 471 1370 558 quod

186 578 323 643 Ovidius
345 576 515 641 brevitatis
538 598 636 640 eausa
655 577 883 661 praetermisit,
907 575 1068 640 Helenam
1085 574 1125 638 de
1140 575 1291 661 Apolline
1308 575 1369 639 deo

185 663 415 766 Laomedontis
427 689 575 744 armenta
584 691 738 766 pascente
751 679 853 745 verba
860 679 1034 755 facientem
1042 678 1168 742 inducit
1175 702 1206 742 v.
1214 683 1275 746 311
1286 699 1368 764 sqq:

340 802 397 869 καὶ
419 798 511 888 νομὸν
536 799 688 900 οἰονὸμοιο
711 799 872 888 λιγύπνοον
900 799 1106 883 Ἀπόλλωνος,
1143 791 1149 798 ’

341 909 420 975 dulor
442 901 649 992 ᾖεοδμήποισι
671 902 760 992 παρὰ
783 907 957 994 προμολῇσι
979 902 1105 973 πυλάων

341 1005 496 1086 πολλάκις
519 1004 721 1075 εἰλιπόδεσσιν
746 1012 901 1094 ἐφέσπετο
925 1009 1029 1091 βουσὶν
1056 1005 1225 1076 Ἀπόλλων.
1237 1009 1262 1093 1)

187 1130 227 1193 de
251 1151 313 1215 quo
335 1128 427 1211 vide,
452 1127 567 1214 quibus
590 1127 677 1190 idem
700 1127 871 1210 indicatur,
893 1150 1006 1192 versus
1028 1127 1163 1192 Homeri
1187 1136 1214 1196 Φ
1238 1133 1301 1197 448
1324 1150 1369 1214 sq.

186 1244 220 1296 et
241 1232 341 1297 schol.

272 1407 293 1474 ¹)
312 1407 459 1474 Propterea
476 1411 537 1459 ante
555 1406 625 1458 inter
638 1423 661 1458 ν.
674 1407 726 1458 290
738 1412 764 1458 et
776 1406 826 1458 291
845 1405 975 1469 lacunam,
994 1405 1021 1458 in
1040 1422 1092 1474 qua
1109 1406 1178 1460 idem
1196 1411 1370 1461 memoratum

185 1493 244 1560 fuit,
263 1492 429 1547 statuendam
449 1509 507 1547 esse
526 1492 615 1545 nescio
632 1507 666 1544 an
678 1492 741 1544 viris
754 1491 796 1544 dd.
810 1493 950 1557 assentiar,
968 1493 1089 1558 quamvis
1106 1509 1164 1554 eam
1176 1491 1371 1560 indiligentiam

185 1580 298 1633 fortasse
316 1580 367 1646 ipsi
386 1577 508 1632 Collutho
526 1577 629 1632 crimini
647 1578 704 1630 dari
722 1579 815 1646 possit.

273 1665 397 1720 Ueterum
414 1664 478 1718 data
500 1665 551 1718 hac
569 1665 708 1717 occasione
730 1681 815 1732 pauca
832 1663 950 1733 proferre
972 1663 1037 1716 mihi
1059 1663 1139 1717 liceat
1156 1663 1189 1717 de
1213 1665 1265 1718 alio
1285 1664 1372 1719 Ovidii

185 1753 251 1816 loco,
271 1752 316 1804 ubi
335 1751 367 1804 de
386 1750 509 1818 Apolline
528 1755 636 1818 pastore
655 1750 760 1815 dicitur,
780 1767 821 1819 ep.
840 1749 864 1803 V
883 1751 933 1804 151
951 1766 989 1817 sq.
1010 1747 1154 1817 (Oenone):

429 1840 494 1921 ‘ipse
512 1859 634 1922 repertor
651 1855 710 1922 opis
728 1869 822 1908 vaccas
840 1854 946 1922 pavisse
964 1854 1098 1907 Pheraeae

477 1939 563 1994 fertur
581 1945 608 1994 et
625 1957 642 1994 a
659 1947 751 1994 nostro
770 1940 874 1993 saucius
892 1941 953 2007 igne
971 1937 1045 2004 fuit3'

187 2044 257 2114 quod
283 2044 415 2098 distichon
441 2045 560 2111 spurium
589 2060 646 2097 esse
669 2043 862 2096 contenderunt
883 2043 943 2096 Birt
966 2041 1121 2110 (‘Goetting.
1140 2043 1190 2110 gel.
1208 2044 1285 2097 Ana!
1305 2045 1372 2098 1882

140 2171 143 2175 -
185 2149 212 2200 p.
231 2129 306 2198 851),
333 2129 428 2184 Peters
452 2129 614 2197 (‘observatt.
639 2131 667 2183 in
692 2130 721 2181 P.
745 2128 790 2182 Ov.
813 2129 916 2182 heroid.
936 2128 1021 2197 epist’
1040 2145 1065 2196 p.
1084 2127 1141 2196 33),
1170 2128 1323 2200 Sedlmayer
1345 2137 1372 2184 et

187 2217 292 2292 Palmer
316 2218 344 2270 in
367 2216 441 2270 editt.
479 2215 526 2268 Eis
548 2221 639 2271 autem
655 2215 794 2284 astipulari
811 2215 919 2269 minime
936 2230 1089 2282 possumus:
1114 2231 1176 2268 nam
1194 2216 1239 2269 illo
1257 2203 1378 2271 disticho

187 2304 314 2356 orationis
332 2302 493 2356 continuitas
512 2303 584 2354 nullo
602 2301 680 2356 modo
698 2302 834 2368 turbatur,
858 2302 937 2354 immo
955 2301 1009 2354 tale
1027 2301 1089 2369 quid
1107 2303 1274 2369 proponitur,
1299 2309 1327 2357 ut
1344 2303 1371 2356 id

187 2405 236 2458 pro
254 2389 368 2456 genuino
385 2388 484 2442 habere
502 2404 635 2455 cogamur.
671 2387 767 2456 Agitur
784 2387 854 2440 enim
872 2402 903 2440 co
921 2381 937 2453 ἡ
959 2385 1005 2439 διὰ
1025 2387 1159 2454 στόματος
1176 2390 1223 2440 καὶ
1242 2385 1372 2457 δημώδης

189 2477 305 2542 ἱστορία,
325 2491 376 2543 qua
388 2475 484 2542 Apollo
502 2473 573 2542 apud
586 2473 737 2538 Admetum,
757 2472 878 2526 Pheretis
895 2471 986 2539 filium,
1005 2475 1121 2541 pastoris
1139 2469 1248 2528 munere
1265 2475 1371 2528 fundus

189 2577 247 2615 esse
264 2561 356 2615 fertur.
393 2558 474 2614 Cuius
492 2560 598 2614 fabulae
617 2559 716 2626 duplex
733 2566 774 2612 est
785 2558 974 2626 distinguenda
991 2560 1130 2614 memoria:
1150 2577 1164 2614 e
1183 2561 1326 2614 vetustiore
1345 2567 1371 2614 et

187 2648 291 2701 notiore
309 2647 491 2714 cognoscimus
511 2645 675 2714 Apollinem,
698 2644 794 2712 utqui
816 2643 943 2713 Cyclopes
965 2645 1155 2710 interfecisset,
1178 2646 1205 2700 id
1227 2647 1296 2714 quod
1319 2647 1372 2699 iarn

189 2733 321 2787 Hesiodus
339 2740 366 2785 et
378 2732 552 2800 Asclepiades
570 2732 738 2786 tradiderunt
757 2729 800 2799 (cf.
813 2729 877 2784 Eur.
890 2731 948 2786 Alc.
960 2732 974 2783 1
989 2747 1044 2800 sqq.
1057 2737 1085 2785 et
1096 2731 1200 2788 doctam
1213 2731 1371 2786 scholiastae

189 2819 224 2872 ad
241 2818 266 2870 h.
284 2818 301 2872 l.
321 2817 433 2884 adnot),
458 2824 488 2870 ut
505 2834 618 2886 poenam
636 2817 760 2882 solveret,
784 2819 818 2870 ab
835 2815 898 2871 love
922 2819 1023 2870 iussum
1045 2833 1103 2871 esse
1122 2816 1261 2871 divinitate
1284 2819 1373 2887 posita

188 2904 296 2958 Admeti
314 2909 434 2958 armenta
450 2919 573 2972 pascere,
586 2921 646 2958 —c
666 2904 813 2972 posteriore
832 2903 951 2956 versione
964 2919 1046 2971 eaque
1058 2902 1245 2957 Alexandrinis
1263 2905 1371 2972 potissi·

188 3005 261 3042 mum
272 2989 406 3044 celebrata
417 2989 568 3058 Apollinem
581 2989 688 3043 Admeti
706 3005 819 3042 amore
832 2995 938 3056 captum
954 2989 1070 3056 pastoris
1088 3005 1197 3042 munera
1214 3005 1263 3043 sua
1278 2996 1372 3057 sponte

189 3076 337 3144 suscepisse
350 3074 443 3140 elucet,
462 3076 534 3128 velut
552 3077 579 3129 in
598 3075 697 3130 scholio
714 3076 794 3130 citato
811 3076 877 3129 haec
895 3076 994 3142 scripta
1010 3074 1136 3142 legimns:
1153 3070 1261 3136 Ῥίαυός
1279 3093 1372 3143 φησιν,

189 3159 233 3216 ὅτι
247 3159 317 3215 ἑκὼν
329 3159 490 3216 ἐδούλευσεν
503 3158 577 3233 αὐτῷ
592 3163 627 3216 δι’
641 3163 730 3229 ἔρωτα
742 3163 791 3214 τοῦ
800 3158 934 3228 Ἀδμήτου
946 3161 991 3228 (cf.
1002 3162 1127 3215 Meineke
1138 3161 1223 3216 ‘Anah
1234 3160 1372 3216 Alexand?

187 3265 215 3316 p.
239 3248 306 3314 180).
342 3247 399 3302 Nec
421 3264 479 3301 non¹
497 3265 564 3316 quae
586 3247 745 3302 Plutarchus
768 3248 879 3315 protulit
905 3248 933 3300 in
960 3253 1071 3300 amator.
1094 3245 1185 3312 XVII,
1214 3248 1247 3302 ad
1273 3247 1372 3302 fontem

187 3333 390 3388 alexandrinum
416 3333 503 3387 redire
529 3333 655 3388 credibile
682 3339 737 3387 est:
768 3331 817 3386 τὸν
839 3331 997 3386 Ἀπόλλωνα
1023 3335 1229 3402 μυθολογοῦσιν
1256 3331 1373 3401 ἐραστὴν

188 3421 336 3486 γενόμενον

426 3486 547 3556 Ἀδμήτῳ
566 3485 642 3554 πάροι
659 3490 795 3556 θητεῦσαι
812 3486 897 3556 μέγαν
916 3489 955 3548 εἰς
973 3484 1107 3542 ἐνιαυτόν.

189 3591 258 3658 Quid
276 3591 357 3644 vero?
376 3590 446 3658 quod
464 3592 522 3658 ipse
540 3588 719 3644 Callimachus
737 3590 888 3658 Apollinem
905 3592 939 3644 ab
956 3591 1002 3645 illo
1020 3608 1130 3646 munere
1152 3591 1261 3659 Νόμιον
1280 3593 1371 3662 appel·

187 3680 271 3732 latum
289 3693 347 3731 esse
365 3681 480 3730 testatur
497 3676 595 3746 (hymn.
614 3676 692 3730 1147
711 3677 797 3745 sqq.)?
831 3680 872 3730 Ac
893 3694 926 3732 ne
945 3677 1074 3732 Ouidiano
1092 3678 1199 3746 quidern
1217 3679 1274 3732 loco
1293 3695 1373 3748 supra

188 3765 322 3831 exscripto
339 3762 452 3830 intelligi
468 3763 586 3830 priorem
604 3761 673 3816 illius
691 3763 797 3818 fabulae
814 3764 934 3829 formam,
952 3780 1045 3817 verum
1062 3764 1106 3831 agi
1123 3763 1157 3817 de
1176 3763 1219 3817 dei
1236 3780 1300 3832 erga
1317 3765 1372 3818 Ad-

187 3856 287 3903 metum
305 3865 393 3904 amore
412 3851 588 3903 certissimum
607 3854 648 3902 est
667 3847 708 3915 (of.
727 3851 808 3903 etiam
826 3854 875 3903 art.
893 3847 989 3901 [1239
1008 3865 1046 3917 sq.
1065 3849 1163 3903 Tibull.
1176 3848 1203 3902 II
1221 3851 1245 3914 3,
1264 3850 1296 3902 11
1315 3866 1371 3919 sqq.

187 3935 272 4004 Lygd.
284 3935 309 4002 4,
328 3936 361 3989 67
381 3934 456 4005 sqq).
491 3936 585 4004 Itaque
602 3943 709 4003 poetam
727 3935 770 3989 hic
788 3934 1028 3992 Alexandrinorum
1046 3935 1159 4002 vestigia
1176 3940 1296 3988 secutum
1314 3952 1373 3990 esse

187 4023 281 4090 negari
299 4020 392 4088 nequit
409 4036 440 4074 ac
458 4037 549 4075 versus
566 4020 626 4075 illos
645 4021 694 4074 151
714 4037 752 4089 sq.
771 4022 954 4089 interpolatori
976 4022 1065 4074 nescio
1084 4021 1126 4074 oui
1148 4021 1302 4075 tribuendos
1320 4039 1373 4074 non

188 4123 247 4162 csse
258 4105 426 4160 manifestum
438 4105 482 4160 fit:
501 4109 600 4161 etenim
613 4109 635 4161 si
648 4106 710 4174 quid
724 4109 850 4176 scriptum
862 4107 1019 4170 invenimus,
1032 4106 1111 4174 quod,
1129 4113 1158 4160 ut
1169 4106 1222 4172 hic,
1237 4107 1373 4161 doctrinae

187 4193 325 4248 cuiusdam
343 4193 458 4261 speciem
476 4207 540 4261 prae
559 4208 587 4245 se
605 4191 681 4257 ferat,
701 4193 729 4246 id
747 4200 862 4261 aposta
880 4193 938 4261 ipso
955 4192 1102 4260 profectum
1119 4208 1177 4248 esse
1189 4193 1272 4246 multo
1284 4194 1373 4262 aptius

186 4287 313 4350 putamus
340 4295 418 4347 quam
444 4278 631 4334 vindicandum
658 4279 855 4346 interpolatori,
882 4278 980 4346 quippe
1006 4279 1050 4346 qui
1078 4280 1232 4333 memoriam
1256 4280 1373 4347 arripere

188 4367 274 4421 soleat
291 4365 376 4433 magis
393 4367 493 4419 tritam.

1204 4453 1219 4505 7
