3214 4854
674 343 887 405 -ΜΨ

184 533 280 596 quam
305 509 450 574 consulto
473 510 669 591 immutasse,
693 511 754 574 nisi
777 531 882 596 pauca
904 521 939 572 ut
961 509 1125 574 rhetorice
1149 510 1370 595 amplificaret,
1487 569 1492 578 .

183 613 278 677 facile
311 614 414 698 quivis
446 613 615 678 concedat.
661 613 801 677 Tantum
830 635 909 676 vero
938 613 1071 695 afuisse,
1102 623 1138 676 ut
1160 615 1328 679 materiam
1353 639 1370 678 e

182 717 281 780 variis
304 717 446 781 fontibus
468 717 604 802 petitam
628 716 832 802 compilaret,
859 725 896 779 ut
919 716 1044 800 elegiae
1068 716 1299 782 alexandrinae
1324 740 1371 780 ar-

185 831 372 904 gumentum
396 821 568 904 integrum,
591 819 682 884 velut
698 819 849 884 Musaeus
871 820 904 882 in
923 831 1072 906 poemate
1089 820 1129 883 de
1144 819 1254 884 Herus
1269 821 1371 885 Lean-

184 925 298 1008 drique
314 924 477 989 amoribus
493 924 683 1010 conscripto,
701 924 734 987 in
749 947 844 987 usum
855 947 946 987 suum
960 933 1176 1005 converteret,
1192 924 1267 988 inde
1280 926 1371 1010 sequi

183 1037 271 1112 puto,
296 1027 382 1112 quod
405 1029 437 1091 in
461 1029 603 1092 carmine
627 1029 696 1091 eius
719 1049 770 1090 res
792 1028 956 1112 proposita
979 1027 1021 1090 ad
1044 1027 1141 1090 finem
1163 1027 1260 1113 plane
1280 1028 1371 1092 abso-

184 1129 285 1194 lutum
308 1131 507 1216 perducitur.
537 1131 678 1196 Accedit
700 1153 787 1212 vero,
811 1140 848 1194 ut
869 1153 985 1216 poema
1008 1129 1154 1195 fortunae
1178 1130 1301 1195 invidia
1317 1131 1371 1194 ad·

183 1233 524 1321 modumlacunosum
547 1235 637 1300 libris
660 1257 738 1298 msc.
761 1232 966 1298 exhibeatur.

271 1337 433 1401 Ovidius
457 1347 565 1402 autem
588 1337 725 1402 alteram
749 1337 917 1423 epistulam
942 1337 1040 1422 scribi
1062 1336 1156 1420 lingit
1171 1360 1190 1402 a
1204 1337 1322 1402 Paride
1338 1339 1372 1402 in

182 1427 325 1505 Menelai
356 1440 450 1506 domo
479 1452 625 1505 morante
648 1440 756 1527 paullo
779 1451 851 1526 post
874 1463 969 1526 quam
991 1442 1018 1504 is
1040 1442 1103 1504 iter
1126 1440 1283 1506 Cretense
1306 1464 1371 1504 sus·
1401 1423 1405 1433 ’

184 1545 322 1630 ceperit3
346 1544 488 1608 alteram
521 1544 560 1608 ab
587 1545 718 1609 Helena
747 1545 793 1608 ita
821 1545 971 1625 rescribi,
1001 1554 1038 1607 ut
1064 1567 1192 1630 semper
1219 1545 1261 1608 ad
1283 1544 1371 1610 illam

183 1647 385 1732 respiciatur.
430 1647 474 1710 Et
505 1670 578 1710 cum
600 1647 726 1712 Paridis
756 1648 912 1733 epistulae
942 1649 1024 1712 ratio
1052 1648 1097 1710 sic
1121 1649 1298 1734 composita
1320 1649 1370 1730 sit,

183 1761 219 1813 ut
246 1749 395 1814 Helenae
425 1751 588 1836 responsio
619 1761 826 1837 expectetur,
856 1761 1026 1836 utramque
1057 1751 1099 1814 ab
1131 1750 1245 1814 eodem
1274 1762 1372 1836 poeta

184 1853 365 1918 confectam
397 1877 465 1918 esse
495 1855 558 1917 iam
590 1855 743 1946 affirmari
769 1854 857 1918 licet.
903 1855 993 1918 Inter
1015 1854 1074 1918 has
1095 1855 1195 1936 igitur
1218 1853 1371 1940 epistulas
1479 1939 1482 1944 ,

184 1967 217 2020 et
239 1955 382 2021 Colluthi
409 1979 527 2042 poema
557 1979 639 2042 quae
669 1959 752 2022 ratio
782 1957 977 2039 intercedat,
1009 1958 1192 2022 accuratius
1214 1957 1240 2021 si
1262 1956 1371 2042 placet

182 2061 416 2146 perquiramus.

269 2163 320 2228 Ac
348 2165 487 2249 primum
518 2164 648 2249 quidem
679 2187 751 2229 eam
780 2186 849 2228 rem
878 2163 1126 2248 perlustramus,
1162 2186 1261 2249 quae,
1297 2187 1370 2228 cum

183 2267 299 2332 summi
320 2267 418 2332 fuerit
440 2269 595 2332 momenti
618 2268 658 2332 ad
682 2267 805 2332 bellum
825 2268 984 2332 troianum
1000 2266 1206 2349 movendum,
1230 2289 1372 2331 enarra-

184 2371 271 2434 tione
295 2381 328 2434 et
347 2370 490 2436 Colluthi
514 2382 546 2436 et
562 2370 673 2436 Ovidii
695 2373 836 2436 maxime
860 2371 991 2454 eminet,
1015 2371 1088 2434 dico
1111 2370 1267 2434 famosum
1289 2369 1371 2434 illud

183 2475 320 2538 Paridis
341 2475 504 2539 iudicium.

268 2577 469 2642 Adhibenda
498 2589 605 2642 autem
634 2586 766 2662 praeter
788 2576 960 2642 Colluthea
986 2578 1041 2642 hic
1069 2600 1108 2642 ea
1135 2599 1262 2662 quoque
1286 2587 1368 2661 sunt,

183 2703 267 2766 quae
282 2681 476 2746 Lucienus
496 2682 529 2744 in
546 2681 679 2745 deorum
696 2679 823 2764 dialogo
841 2680 900 2744 XX
915 2679 1010 2765 (becio
1027 2681 1140 2768 κρίσις)
1156 2682 1331 2766 proposuit.
1344 2682 1368 2768 ¹)

269 2783 444 2848 Certamen
472 2784 572 2868 igitur
601 2782 734 2846 dearum
763 2783 910 2847 insaltu
938 2783 1070 2866 declivi,
1100 2807 1164 2848 non
1190 2785 1223 2848 in
1246 2807 1368 2848 summo

182 2898 292 2952 monte
315 2887 436 2952 factum
461 2909 530 2950 esse
552 2888 674 2972 pariter
696 2897 830 2951 narrant
849 2886 987 2952 Ovidius
1009 2910 1113 2951 novae
1136 2889 1185 2951 rei
1207 2888 1370 2953 introduc-

183 2995 271 3056 tione
283 2990 376 3056 solita
389 3001 422 3054 et
434 2989 475 3054 ad
488 2987 689 3054 Graecorum
702 2990 887 3075 exemplum
901 3014 1055 3077 expressa
1065 2991 1090 3077 ²)
1104 3013 1154 3076 ep.
1163 2991 1245 3055 XVI
1256 2997 1298 3062 53
1306 3015 1366 3078 sq.:

323 3117 382 3177 ‘est
404 3110 493 3174 locus
516 3111 549 3173 in
571 3111 686 3176 mediis
708 3133 896 3176 nemorosae
919 3111 1087 3176 vallibus
1110 3111 1189 3176 Idae
1202 3113 1227 3198 3)

383 3295 385 3298 ι
425 3215 539 3280 devius
563 3226 596 3280 et
616 3216 718 3300 piceis
741 3215 934 3301 ilicibusque
958 3215 1118 3302 frequens'

182 3353 254 3418 coll.
281 3364 340 3418 art.
364 3353 381 3417 I
405 3359 480 3423 684:
506 3353 617 3418 ‘colle
641 3353 928 3437 0110111000,-

268 3543 290 3612 ¹)
310 3544 502 3600 Similitudines
521 3546 648 3614 quasdam
667 3547 737 3600 iuter
749 3545 872 3599 Ovidium
886 3545 1036 3600 Colluthum
1048 3544 1194 3600 Lucienum
1206 3545 1371 3600 intercedere

180 3633 235 3684 iam
252 3629 363 3700 Lennep
382 3631 571 3686 animadvertit
588 3631 622 3684 ad
641 3631 688 3685 Ov.
708 3648 749 3700 cp.
769 3629 834 3685 XVI
851 3633 893 3684 54.

266 3715 288 3784 ²)
308 3716 347 3772 of.
367 3718 447 3773 etiarn
466 3734 507 3786 ep.
526 3715 555 3770 Π
574 3717 632 3770 131.
666 3715 763 3771 17169.
791 3717 817 3770 Χ
835 3717 876 3772 25.
902 3715 958 3771 ΧΠ
975 3719 1015 3771 67.
1040 3717 1102 3786 [XV
1122 3717 1192 3786 151]
1218 3715 1311 3772 XVIII
1328 3717 1370 3774 55.

178 3804 286 3859 Klemm
303 3804 319 3858 l.
338 3803 356 3857 l.
375 3822 400 3873 p.
419 3805 461 3857 28.
497 3803 590 3859 Naeke
611 3803 693 3857 ‘Hac'
712 3820 737 3871 p.
756 3804 807 3856 100
826 3820 864 3872 sq.

265 3889 383 3958 3)Ηο110
418 3896 517 3946 rectam
551 3890 693 3944 lectionem
729 3905 787 3944 esse
823 3907 882 3944 cum
911 3891 1032 3946 Bentlcio
1063 3890 1194 3946 contendo
1225 3891 1371 3958 respiciens
1435 3938 1437 3946 .

179 3983 230 4031 art.
244 3977 258 4030 I
269 3977 329 4031 289.
342 4006 375 4014 -
387 3975 430 4031 De
450 3977 627 4045 epithetis
645 3982 753 4044 apocta
765 3977 808 4031 hic
820 3980 955 4046 usurpatis
967 3979 1017 4031 hoc
1030 3976 1188 4032 monendum
1202 3982 1254 4030 est:
1270 3975 1371 4028 Ἰδαῖαι

178 4061 268 4116 νάπαι
286 4062 430 4118 laudantur
448 4064 481 4116 ab
501 4061 629 4131 Euripide
649 4063 820 4128 (1111111275.
840 4062 872 4116 cf.
890 4063 950 4117 284.
987 4063 1080 4116 Troad.
1101 4065 1177 4116 1066.
1210 4060 1303 4114 Ἰδαία
1321 4056 1371 4128 tn

179 4149 247 4202 Hec.
266 4149 316 4202 631
336 4147 390 4217 11),
410 4145 486 4216 Ἴδης
503 4151 603 4216 arnual
620 4150 653 4202 ab
672 4149 789 4204 Homero
811 4154 832 4200 Β
850 4145 1179 4218 821,”1οηπολυ’πτυχος
1198 4149 1307 4217 (clivosa
1325 4147 1371 4201 Ov.

179 4251 230 4289 am.
249 4233 264 4288 Ι
282 4236 324 4300 14,
344 4235 387 4302 11)
407 4239 435 4289 01
452 4229 574 4302 ὑλήεσσα
591 4235 655 4290 Hes.
674 4236 762 4304 theog.
782 4237 849 4292 1010
867 4235 911 4302 (de
930 4235 1052 4304 exemplo
1068 4233 1182 4290 Veneris
1200 4242 1226 4288 et
1239 4235 1371 4288 Anchisae

179 4322 280 4376 amoris
298 4321 342 4375 hic
359 4321 466 4389 prolato
485 4321 544 4376 vide
564 4323 644 4376 etiam
663 4321 772 4376 Theocr.
791 4321 863 4390 idyll.
877 4320 891 4375 1
905 4323 954 4376 105
967 4337 1023 4390 sqq.
1046 4321 1133 4376 Noun.
1147 4321 1199 4375 XV
1211 4321 1269 4375 210.
1293 4321 1371 4374 Anth.

179 4407 235 4462 Pal.
257 4405 295 4460 VI
314 4407 353 4460 76.
394 4406 474 4474 Verg.
493 4405 669 4462 10111617.
707 4406 752 4462 Ov.
772 4425 812 4476 ep.
832 4408 897 4462 XVI
916 4407 993 4476 203);
1021 4410 1048 4462 01
1075 4425 1132 4462 cum
1159 4406 1210 4462 loci
1234 4407 1372 4464 arboribus
