3214 4854
681 349 890 410 „27-

194 517 319 596 Quibus
343 517 489 582 distichis
512 517 649 582 Ovidius
672 516 840 582 manifesto
863 516 984 600 reddit,
1015 539 1097 602 quae
1122 515 1310 602 Apollonius
1334 514 1374 578 de

191 619 326 702 Medea,
360 621 416 685 uhi
449 621 589 708 primum
615 621 764 686 Iasonem
795 620 936 706 aspexit,
970 619 1099 684 Amoris
1129 619 1193 685 telo
1223 640 1375 704 percussa

189 723 325 794 111286
349 749 433 814 sqq.:

552 815 644 894 βέλος
668 812 693 878 δ’
718 814 875 879 ἐνεδαίετο
900 809 997 898 κούρῃ
1048 893 1051 896 Δ

345 920 454 1004 νέρῖιεν
478 912 537 983 ὑπὸ
561 919 688 1004 κραδίῃ,
714 916 805 1001 φλογί
829 917 947 982 εἴκελον
972 924 1039 983 κτλ.

249 1015 256 1028 ’
345 1016 387 1098 ὧς
410 1025 446 1086 δέ
467 1018 542 1106 γυνη
568 1021 693 1110 μαλερῷ
715 1023 785 1106 πέρι
808 1017 937 1106 κάρφεα
959 1015 1075 1106 χεύατο
1100 1022 1184 1108 δαλῷ

343 1127 495 1211 χερνῆτις,
520 1129 618 1212 τῃπερ
641 1115 802 1209 ταλασήια
826 1126 902 1208 ἔργα
927 1127 1074 1210 μέμηλεν,

345 1224 386 1304 ὥς
410 1254 463 1293 κεν
488 1223 662 1313 ύπινρόριον
685 1221 806 1312 νύκτινρ
831 1228 927 1304 σέλας
950 1222 1109 1292 ἐντύναιτο

345 1327 449 1416 πάγχυ
467 1328 541 1414 μάλ’
559 1333 727 1418 ἐγρομένη·
752 1313 787 1395 τὸ
805 1328 831 1394 δ’
849 1327 1034 1416 ἀδέσρατον
1052 1329 1085 1408 ἐξ
1103 1325 1217 1414 ὀλίγοιο

345 1439 440 1500 δαλοῦ
463 1429 669 1520 ἀνεγρόμενον
695 1431 746 1500 σύν
771 1429 900 1519 κάρφεα
923 1431 1013 1498 πάντ’
1039 1427 1212 1517 σἰμαδύνει·

343 1547 428 1614 τοῖος
451 1533 508 1603 ὑπὸ
532 1539 648 1624 κραδίῃ
673 1539 833 1620 εἰλυμένος
857 1538 971 1604 αἴδετο
995 1532 1099 1622 λάῖιρη

344 1629 433 1717 οὖλος
456 1644 541 1726 ἔρως,

189 1785 221 1839 et
243 1785 356 1862 postea
377 1776 573 1860 Argonautis
596 1775 721 1840 Aeetae
746 1775 841 1841 domo
865 1775 1060 1839 exeuntibus
1083 1799 1114 1838 v.
1138 1780 1201 1842 443
1223 1797 1306 1860 sqq.:

272 1919 441 1984 δεσπέσιον
465 1915 491 1981 δ’
515 1919 545 1982 ἐν
569 1918 646 1982 πᾶσι
670 1920 900 2001 μετέπρεπεν
925 1918 1078 1992 Αἴσονος
1100 1911 1179 1991 υίὸς

275 2016 407 2086 κάλλεϊ
431 2019 495 2086 καὶ
518 2020 746 2105 χαρίτεσσιν·
771 2018 822 2086 ἐπ’
846 2016 943 2109 αύτῷ
966 2017 991 2084 δ’
1018 2013 1178 2102 ’ὄμματα
1201 2017 1314 2106 κούρη

273 2120 351 2202 λοξὰ
373 2119 461 2208 παρὰ
484 2119 615 2209 λιπαρὴν
640 2125 801 2208 σχομένη
825 2127 957 2209 δηεῑτο
982 2118 1173 2208 καλύπτρην,

274 2229 334 2314 κῆρ
359 2222 430 2312 ἅχεῖ
453 2223 628 2312 σμύχουσα·
651 2223 733 2304 νόος
756 2229 797 2294 δέ
821 2228 853 2292 οί
874 2223 943 2311 ἠύτ’
966 2221 1085 2311 ’ὄνειρος
1171 2267 1172 2270 =

275 2326 410 2415 ἑρπύζων
434 2323 623 2416 πεπότητο
648 2328 725 2415 μετ’
747 2331 848 2415 ἴχνια
871 2332 1112 2414 νισσομένοιο.

272 2464 376 2529 Tanto
398 2465 498 2548 igitur
520 2487 628 2530 amore
652 2463 865 2546 inflammata,
889 2465 1080 2551 simulatque
1100 2465 1195 2530 l'ason
1215 2464 1371 2547 discessit,

184 2567 304 2632 Medea
325 2569 359 2632 in
380 2567 559 2631 thalamum
579 2592 612 2633 se
634 2569 758 2633 confert
776 2567 886 2654 ibique
906 2569 1190 2633 vehementissime
1212 2570 1370 2654 queritur:

185 2672 225 2735 cf.
250 2694 300 2757 ep.
324 2671 392 2734 XII
414 2677 456 2740 57
480 2695 562 2758 sqq.:

272 2813 317 2872 ‘ut
339 2810 477 2895 positum
500 2810 592 2892 tetigi
615 2808 757 2873 thalamo
780 2809 864 2873 male
888 2810 998 2872 saucia
1020 2809 1151 2891 lectum,

314 2923 388 2976 acta
411 2923 459 2977 est
481 2935 549 3000 per
572 2912 751 2976 lacrimas
775 2936 840 2978 nox
862 2911 951 2994 mihi,
975 2922 1094 2998 quanta
1116 2911 1186 2976 fuit.

270 3026 344 3081 ante
368 3017 477 3082 oculos
500 3017 676 3102 taurique
699 3017 865 3104 truces1)
889 3025 1081 3102 segetesque
1104 3015 1275 3098 nefandae,

314 3129 388 3184 ante
412 3143 499 3184 meos
523 3119 632 3184 oculos
655 3119 793 3206 pervigil
816 3120 930 3204 anguis
953 3119 1041 3183 erat'.

183 3256 257 3322 Hac
287 3259 320 3322 in
350 3281 385 3322 re
408 3258 495 3322 Naso
523 3281 588 3322 non
617 3259 703 3322 omni
725 3280 768 3322 ex
790 3267 882 3344 parte
907 3279 981 3320 cum
1003 3257 1173 3343 Apollonio
1198 3259 1368 3343 conspirat.

183 3360 215 3424 Is
239 3361 325 3425 enim
344 3361 506 3442 Medeam,
529 3361 586 3426 uhi
607 3363 641 3424 in
663 3361 842 3426 thalamum
864 3385 898 3424 se
922 3362 1056 3447 recepit,
1080 3371 1154 3424 ante
1177 3361 1293 3425 sororis
1317 3361 1372 3424 ad-

182 3472 317 3527 ventum
340 3487 450 3530 somno
474 3465 611 3550 opprimi
633 3458 827 3552 somniisque
852 3465 990 3528 cruciari
1013 3463 1107 3548 fingit
1130 3465 1174 3551 (v.
1192 3469 1254 3532 616
1270 3465 1369 3552 sqq),

183 3566 269 3652 apud
285 3567 375 3631 illum
390 3566 509 3654 puella,
531 3591 605 3632 cum
621 3589 718 3632 curae
734 3569 878 3654 quietem
894 3568 924 3632 ei
940 3553 1093 3650 adimant,
1114 3568 1263 3632 lamentis
1279 3568 1371 3632 lacri-

181 3671 306 3758 misque
323 3693 393 3736 sese
413 3671 512 3736 dedit.
535 3671 580 3734 At
590 3693 631 3735 ne
643 3670 706 3736 hoe
718 3672 851 3757 quidem
862 3694 990 3759 prorsus
1002 3672 1070 3734 sine
1084 3671 1234 3758 exemplo
1247 3672 1371 3736 narrari

180 3773 330 3840 videmus
344 3775 518 3862 Apollonii,
541 3775 596 3862 qui
619 3774 722 3860 qualis
740 3775 879 3840 Medeae
899 3784 1011 3861 postea
1030 3797 1050 3837 a
1065 3773 1242 3861 Chalciope
1263 3797 1370 3840 sorore

181 3877 291 3942 aditae
313 3877 411 3942 fuerit
434 3878 589 3961 conditio,
614 3879 729 3943 eadem
751 3880 820 3944 fere
842 3880 966 3943 ratione
990 3878 1124 3964 exponit
1145 3903 1176 3942 v.
1202 3883 1260 3948 751
1286 3901 1369 3966 sqq.:

267 4067 288 4137 1)
306 4069 366 4122 Etsi
389 4070 505 4137 optimus
527 4070 583 4124 cod.
603 4071 740 4126 Parisinus
759 4072 848 4126 ‘meos'
868 4072 988 4137 exhibet,
1008 4072 1114 4126 ‘truces'
1133 4087 1186 4124 non
1203 4071 1301 4138 legitur
1318 4073 1370 4125 nisi

179 4158 208 4210 in
230 4155 307 4210 libris
330 4161 410 4209 notae
433 4155 586 4222 deterioris,
611 4162 700 4211 tamen
723 4159 791 4212 hanc
813 4159 972 4227 scripturam
990 4158 1029 4211 illi
1046 4157 1249 4227 praeferendam
1267 4172 1369 4221 censeo,

180 4241 243 4312 quia
261 4249 288 4296 et
304 4257 450 4310 pronomen
470 4242 560 4296 'meus'
579 4249 688 4311 propter
707 4261 812 4298 versum
831 4247 985 4313 sequentem
998 4243 1158 4312 superfluum
1172 4248 1198 4297 et
1211 4243 1369 4298 adiectivum

179 4335 289 4397 propter
314 4329 453 4397 sequentia
479 4328 591 4395 ‘segetes
614 4330 802 4385 nefandae'
826 4335 852 4384 et
876 4331 1044 4400 ‘pervigil
1066 4331 1168 4400 anguis’
1192 4330 1369 4384 necessarium

178 4415 299 4480 videtum
318 4415 351 4468 cf.
371 4415 452 4469 etiam
471 4414 606 4482 Apollonii
623 4416 709 4470 locum
726 4417 803 4469 modo
822 4417 964 4470 citandum.
