3242 4860
720 312 931 378 ...gpffl

237 481 294 566 (ad
309 478 448 547 Ooltuth.
466 482 486 547 l.
501 480 538 569 l.)
555 490 588 546 et
602 480 773 546 Knaackio
790 480 908 570 (‘anal.’
924 505 955 567 p.
972 487 1013 550 62
1028 481 1102 546 adn.
1119 481 1185 565 st),
1206 502 1249 544 an
1263 499 1306 542 ex
1321 492 1418 562 opere

237 584 440 650 alexandrini
463 585 632 650 cuiusdam
653 595 769 670 poetae
780 585 804 672 ¹)
829 587 1038 670 excerpserit,
1062 585 1184 668 ambigi
1206 592 1322 669 potest.

322 687 470 753 Aliorum
493 697 602 753 autem
623 698 755 774 praeter
776 687 831 753 illa
852 687 1021 752 Minervae
1045 697 1077 751 et
1098 687 1258 774 Apollinis
1276 683 1421 770 Hyacin-

237 790 349 876 thique
370 791 446 856 fana
461 790 636 876 magnifica
651 792 742 856 velut
758 789 827 872 Διὸς
845 789 991 859 Ὑπάτου
1008 789 1064 856 vel
1081 790 1276 880 Ἀφροδίτης
1293 787 1422 876 Ἀρείας

237 893 291 957 vel
318 895 485 960 Musarum
515 895 570 981 (cf.
597 895 691 959 Paus.
718 895 770 958 III
794 900 851 977 15,
882 900 901 964 8
924 895 1008 980 sqq.)
1038 895 1227 960 memoriam
1257 900 1422 956 auctorem

237 996 441 1062 hellenistam
469 1020 641 1064 renovasse
670 1021 723 1062 res
751 999 821 1083 ipsa
850 998 956 1062 docet.
1002 997 1094 1078 Quae
1124 998 1232 1062 omnia
1254 993 1422 1061 Colluthus

237 1100 395 1166 vocabulo
418 1106 496 1191 νηῶν
518 1101 664 1166 indicare
684 1101 763 1166 'satis
785 1099 885 1166 habet
908 1101 953 1188 (v.
977 1101 1065 1187 237).

323 1203 419 1283 Quod
442 1228 516 1269 cum
538 1215 583 1272 ita
602 1228 636 1269 se
652 1204 782 1287 habeat,
798 1205 832 1267 in
847 1204 988 1270 Colluthi
1004 1203 1101 1287 fonte,
1124 1206 1158 1268 in
1174 1225 1237 1289 quo
1253 1202 1315 1266 hoc
1332 1209 1421 1264 certe

235 1306 339 1391 primo
362 1307 474 1371 fictum
497 1317 575 1390 erat,
597 1308 749 1372 Paridem
771 1309 867 1371 unice
890 1318 926 1372 ut
948 1316 1233 1394 spectatorem
1255 1305 1297 1370 ad
1311 1305 1422 1368 Mene-

236 1408 324 1473 laum
346 1412 473 1475 venisse
482 1411 509 1499 2)
531 1411 630 1496 idque
654 1435 673 1474 a
687 1411 816 1476 Nasone
840 1420 1011 1496 acceptum
1032 1433 1101 1475 esse
1116 1409 1274 1475 videmus.
1312 1405 1421 1470 Nihilo

236 1513 341 1576 secius
371 1514 457 1598 apud
487 1511 574 1579 hunc
603 1515 709 1597 Paris,
740 1515 797 1578 ubi
820 1514 968 1578 Helenae
998 1537 1110 1579 veram
1139 1513 1262 1577 itineris
1292 1531 1423 1574 causam

238 1617 350 1700 aperit,
375 1616 463 1680 aliud
485 1618 576 1682 addit
597 1641 629 1681 v.
653 1624 691 1686 31
717 1641 800 1704 sqq:

393 1743 465 1802 ‘nec
487 1761 539 1802 me
563 1737 660 1802 crede
683 1739 801 1804 fretum
824 1761 950 1803 merces
971 1747 1120 1825 portante
1144 1739 1253 1802 carina

443 1825 568 1906 {indere
589 1881 634 1889 —
656 1864 735 1926 quas
757 1831 873 1925 habeo,
897 1843 931 1907 di
953 1851 1104 1906 tueantur
1127 1841 1217 1926 opes!
1236 1879 1288 1920 -,

391 1966 452 2009 nec
474 1946 570 2009 venio
593 1946 699 2030 graias
721 1944 828 2009 veluti
846 1955 1009 2032 spectator
1031 1945 1074 2008 ad
1095 1944 1208 2008 urbes:
1256 2004 1261 2008 ,

444 2047 562 2134 oppida
585 2058 658 2112 sunt
680 2049 772 2133 regni
796 2048 945 2112 divitiora
967 2047 1051 2112 mei.'

238 2184 341 2248 Recte
359 2192 467 2248 autem
482 2184 634 2250 Wentzel
649 2185 732 2250 haec
749 2187 793 2273 (p.
809 2186 881 2272 44);
907 2186 985 2250 ‘Das
999 2186 1073 2250 liest
1087 2185 1156 2249 sich
1172 2185 1253 2270 glatt
1267 2185 1300 2248 in
1316 2183 1424 2247 dieser

237 2287 427 2371 negativen.
441 2286 547 2352 Form.
592 2288 684 2352 Aber
713 2288 864 2352 dahinter
892 2289 1040 2374 verbirgt
1067 2288 1136 2352 sich
1162 2289 1226 2351 —der
1248 2285 1421 2368 Vorwand,

237 2387 332 2454 unter
353 2390 514 2454 welchem
536 2391 607 2455 sich
628 2392 719 2455 Paris
740 2391 795 2455 bei
817 2392 983 2456 Menelaos
1006 2389 1192 2476 eingefiihrt
1214 2389 1280 2454 hat.
1324 2389 1422 2452 Kann

239 2515 274 2557 er
295 2493 330 2556 in
351 2494 468 2578 irgend
490 2495 580 2558 einer
599 2493 796 2579 Erz'ahlung,
819 2519 914 2561 wenn
937 2517 972 2558 er
994 2492 1266 2559 wahrscheinlich
1288 2491 1422 2556 bleiben

237 2595 355 2676 wollte,
377 2597 592 2661 aweierlei
617 2597 844 2684 vorgeschiitnt
865 2597 1005 2670 haben?
1049 2597 1163 2684 ltaque
1187 2621 1261 2661 cum
1284 2594 1421 2658 alterum

238 2699 435 2784 superfluum
458 2701 507 2782 sit,
531 2723 607 2765 sane
630 2700 797 2784 habemus,
821 2725 880 2767 cur
897 2710 1014 2787 poetae
1030 2700 1266 2785 indiligentiam
1283 2699 1422 2784 aliquam

134 2817 136 2820 ’
240 2804 409 2888 opprobrio
438 2802 632 2886 tribuamus,
669 2827 751 2890 quae
781 2814 890 2870 tamen
921 2827 958 2868 eo
986 2826 1090 2890 paene
1121 2805 1301 2886 evanescit,
1336 2802 1423 2887 quod

239 2915 352 2990 postea
379 2926 543 2993 nunquam
573 2907 613 2971 de
644 2908 832 2972 muneribus
855 2930 874 2970 a
895 2907 1013 2972 Paride
1035 2906 1184 2970 Helenae
1213 2906 1295 2970 datis
1317 2928 1422 2970 sermo

239 3007 285 3070 fit.
330 3007 436 3073 Causa
464 3020 573 3075 autem
601 3010 824 3095 indiligentiae
853 3019 914 3092 est,
944 3009 1031 3096 quod
1054 3009 1191 3074 Ovidius
1213 3009 1268 3073 hic
1291 3009 1424 3095 quidem

240 3110 433 3197 Cypriorum
454 3113 548 3177 nimis
570 3136 694 3178 memor
715 3113 789 3177 fuit:
815 3114 860 3177 eis
884 3114 970 3176 enim
991 3113 1154 3194 Paridem,
1178 3135 1252 3176 cum
1274 3111 1423 3175 Helenae

239 3213 324 3275 inter
346 3213 459 3278 cenam
484 3215 570 3281 dona
591 3217 719 3281 dedisse
742 3217 889 3281 tradatur
912 3216 966 3304 (cf.
982 3216 1111 3303 Procl.),
1136 3214 1222 3303 apud
1237 3213 1425 3278 Menelaum

239 3324 275 3378 ut
302 3328 517 3383 mercatorem
545 3318 713 3384 inductum
742 3343 811 3384 esse
843 3329 986 3406 apparet.
1031 3319 1187 3384 Diversas
1215 3319 1314 3402 igitur
1335 3316 1423 3380 Naso

239 3418 294 3481 hic
318 3422 519 3485 commiscuit
540 3421 669 3486 fabulae
692 3422 819 3504 formas,
843 3423 1057 3508 antiquiorem
1080 3432 1113 3486 et
1134 3421 1359 3486 recentiorem.
1378 3457 1424 3465 —

327 3521 433 3605 Quae,
464 3524 541 3588 dum
562 3527 663 3590 Paris
691 3528 725 3590 t’n
744 3527 889 3603 Menelai
913 3527 1003 3590 domo
1033 3535 1191 3611 exceptus
1219 3523 1422 3603 versabatur,

239 3635 332 3708 gesta
346 3627 418 3708 sint,
435 3625 476 3690 ab
493 3626 611 3694 Ovidio
626 3629 727 3694 multo
744 3628 924 3715 explicatur
940 3629 1098 3715 copiosius
1114 3650 1211 3714 quam
1226 3649 1245 3688 a
1261 3625 1422 3691 Collutho.

325 3849 345 3920 ¹)
364 3852 406 3904 Ab
419 3851 512 3906 eodem
522 3853 610 3920 aliquo
620 3855 697 3908 modo
709 3853 822 3909 fortasse
835 3855 914 3908 etiam
926 3855 1089 3909 Lucienus
1101 3853 1208 3922 pendet,
1222 3853 1267 3922 qui
1278 3851 1424 3920 Hyacinthi

239 3936 402 4006 sepulturam
420 3955 523 4007 quoque
541 3941 628 4008 tangit
638 3940 709 3994 deor.
722 3941 786 3994 dial.
800 3938 871 3994 XIV.
884 3971 917 3976 —
930 3939 1054 3994 Ovidium
1065 3940 1161 4008 ipsum,
1179 3939 1224 4005 qui
1236 3937 1425 4006 Hyacinthiam

238 4022 355 4075 fabulam
378 4026 634 4093 metamorphosesin
651 4027 812 4094 interposuit
831 4025 868 4092 (X
887 4025 937 4078 162
956 4025 1039 4094 sqq),
1064 4021 1231 4078 narrationes
1250 4022 1378 4077 Nicandri
1396 4029 1425 4074 et

238 4108 329 4162 Bionis
348 4110 505 4177 compilasse
520 4127 576 4170 ¹non
595 4113 651 4166 sine
671 4129 750 4166 causa
769 4113 919 4180 suspicatur
937 4113 1050 4164 Knaack
1067 4111 1084 4164 l.
1103 4111 1121 4164 l.
1139 4127 1166 4178 p.
1185 4111 1219 4164 60
1237 4125 1292 4176 sqq.

322 4192 344 4261 2)
362 4195 420 4248 Hoc
445 4197 524 4250 etiam
550 4196 727 4251 Lucienus
752 4198 890 4264 exprimit,
916 4215 975 4251 cum
1001 4198 1131 4253 Venerem
1156 4195 1247 4249 Paridi
1271 4196 1337 4248 haec
1362 4209 1425 4246 sua-

239 4280 343 4333 dentem
368 4280 451 4336 faciat
468 4281 493 4350 (ξ
513 4281 567 4350 Nil:
595 4281 626 4335 oti
644 4282 694 4350 pir
712 4281 900 4352 ἀποδημήσεις
919 4279 963 4346 ὥς
981 4282 1039 4338 ἐπὶ
1057 4282 1147 4336 θέαν
1166 4279 1205 4349 δὴ
1225 4282 1286 4348 τῆς
1301 4275 1425 4332 ‘Ello'-

240 4368 312 4434 δος,
332 4363 469 4422 κάπειδὰν
486 4365 572 4436 ἀφίκῃ
591 4369 618 4430 ἐς
636 4367 686 4437 τὴν
704 4370 909 4438 Λακεδαίμονα,
929 4366 1031 4432 ὄψεταί
1049 4385 1077 4423 σε
1095 4363 1112 4436 ἡ
1129 4363 1223 4434 Ἑλένη
1241 4369 1296 4419 κτλ.
