3242 4860
730 317 945 384 ᾖ.84.,ι

249 495 283 551 nt
304 485 462 573 posterior
483 486 642 572 particula
665 487 718 551 ‘ut’
741 486 836 573 plane
861 497 1086 570 evanesceret,
1116 509 1178 552 nec
1202 486 1431 570 dubitabimus,

248 591 326 676 quin
353 612 411 675 pro
442 591 679 655 constructione
708 590 799 654 libris
830 591 978 655 exhibita
1006 588 1063 654 illa
1091 611 1231 674 graecae
1261 591 1433 657 consimilis

248 694 414 778 magisque
444 695 574 778 poetica
602 693 802 758 restituenda
830 695 879 760 sit.
924 693 1092 758 Posuimus
1121 695 1222 778 igitur
1250 717 1346 780 supra
1375 717 1433 781 pro

248 801 294 859 ‘ut
315 795 392 878 vidi,
417 796 575 882 obstupuI'
598 798 702 882 aptius
726 803 772 861 ‘ut
794 797 871 880 vidi,
894 806 930 861 ut
952 797 1067 882 stupui'
1090 798 1306 883 -stupendi
1325 807 1434 862 autem

247 900 385 964 verbum
418 899 556 984 simplex
589 900 750 978 simillimo
779 901 812 964 in
842 901 1074 965 sententiarum
1103 923 1231 966 conexu
1262 911 1434 987 usurpatur

249 1002 394 1066 eiusdem
410 1002 566 1089 epistulae
581 1027 612 1067 v.
629 1007 692 1072 253
706 1043 758 1087 —-,
776 1014 808 1068 et
823 1003 1033 1068 scribendum
1049 1025 1218 1070 censemus
1235 1027 1284 1090 ep.
1302 1005 1365 1068 XII
1377 1009 1431 1073 33:

249 1111 301 1170 ‘ut
323 1105 401 1188 vidi,
424 1114 467 1169 ut
488 1106 571 1192 perii
584 1105 608 1193 ¹)
631 1129 692 1172 nec
716 1107 798 1172 notis
821 1107 951 1193 ignibus
973 1107 1056 1190 arsi',
1081 1116 1114 1171 et
1136 1131 1186 1195 ep.
1203 1107 1284 1172 XIII
1300 1115 1357 1178 89:
1382 1114 1434 1173 ‘ut

247 1209 326 1290 vidi,
349 1217 394 1272 ut
416 1209 525 1293 gemui
536 1209 562 1296 ⁹)
585 1211 748 1296 tacitoque
772 1213 805 1275 in
824 1200 960 1297 pectore
985 1210 1072 1274 dixi'.

332 1312 411 1376 Eius
444 1320 553 1377 autem
586 1313 648 1395 rei,
682 1315 768 1399 quod
798 1337 894 1400 quam
923 1313 1075 1378 celeriter
1104 1313 1296 1380 adulescens
1323 1315 1433 1402 puella
1522 1309 1532 1324 '

246 1414 466 1501 pulcherrima
481 1425 615 1500 aspecta
631 1439 774 1483 amorem
787 1418 903 1504 capiat,
920 1418 1054 1505 apoetis
1067 1416 1245 1482 hellenistis
1258 1441 1433 1504 eorumque

246 1518 461 1583 imitatoribus
483 1541 581 1605 saepe
604 1520 795 1606 explicatur,
818 1521 979 1608 permulta
1002 1520 1153 1607 exempla
1166 1520 1280 1585 Rohde
1302 1521 1435 1606 collegit

246 1644 277 1706 p.
303 1628 363 1691 149
386 1621 460 1686 adn.
485 1627 578 1690 1—3.
601 1663 645 1672 -
1327 1635 1336 1648 '
1434 1620 1438 1628 ⁸

333 1725 475 1789 Summis
496 1735 605 1790 autern
627 1726 778 1792 laudibus
800 1727 947 1792 Helenae
972 1728 1204 1810 formositatem
1227 1729 1317 1792 Paris
1340 1729 1435 1792 effert

247 1851 278 1893 v.
304 1833 363 1896 141
388 1850 471 1914 sqq.:

401 1971 529 2050 ‘magna
551 1968 684 2053 quidem
708 1969 749 2033 de
771 1977 804 2032 te
827 1990 937 2032 rumor
958 1969 1133 2054 praeconia
1154 1969 1232 2033 fecit

454 2051 606 2155 nullaque
631 2072 671 2135 de
694 2071 777 2136 facie
801 2072 911 2135 nescia
933 2082 1021 2135 terra
1043 2082 1099 2135 tua
1122 2082 1184 2136 est:
1224 2091 1228 2097 ·

348 2209 352 2214 -
400 2195 463 2236 nec
486 2173 545 2239 tibi
569 2197 628 2260 par
649 2197 786 2259 usquam
808 2174 954 2260 Phrygia
975 2198 1037 2238 nec
1060 2175 1134 2240 solis
1158 2175 1199 2240 ab
1223 2186 1293 2241 ortu

452 2278 538 2340 inter
558 2278 711 2342 formosas
735 2277 837 2342 altera
858 2301 976 2342 nomen
998 2277 1109 2342 habet.

400 2379 498 2444 crede
521 2381 580 2444 sed
602 2380 664 2444 hoc
687 2381 795 2446 nobis:
819 2381 924 2445 minor
947 2389 995 2445 est
1017 2390 1072 2444 tua
1094 2379 1197 2464 gloria
1219 2403 1297 2446 vero

451 2482 600 2568 famaque
625 2484 666 2547 de
689 2484 792 2548 forma
814 2506 919 2569 paene
942 2482 1084 2568 maligna
1106 2483 1184 2548 fuit'.

246 2636 286 2699 Id
316 2659 443 2722 quoque
474 2661 517 2702 ex
539 2637 836 2703 Alexandrinorum
866 2661 956 2703 more
984 2639 1108 2702 dictum
1136 2661 1205 2703 esse
1230 2640 1436 2722 cognoscitur

248 2762 291 2802 ex
314 2741 369 2821 eis,
394 2762 477 2825 quae
497 2741 630 2806 Charito
653 2742 694 2805 de
710 2741 910 2806 Callirrhoae
933 2742 1017 2806 facie
1040 2752 1197 2822 memorat
1220 2742 1250 2828 (Ι
1267 2743 1313 2830 1):
1336 2735 1373 2830 ἦν
1396 2743 1435 2812 τὸ

249 2842 367 2923 ’κάλλος
396 2843 453 2912 οὐκ
483 2844 690 2934 ἀνδρώπινον,
725 2843 806 2914 ἀλλὰ
835 2851 941 2928 beton,
974 2845 1044 2914 οὐδὲ
1072 2850 1233 2936 Νηρηίδος
1261 2845 1280 2934 ἢ
1308 2845 1435 2936 νύμφης

249 2951 310 3014 τῶν
334 2945 454 3034 ὂρειῶν,
485 2947 552 3018 ἀλλ’
576 2948 676 3038 αὐτῆς
698 2953 757 3037 τῆς
784 2947 976 3038 Ἀφροδίτης
998 2953 1174 3037 παρῖῑένου·
1205 2947 1296 3036 φήμη
1321 2951 1354 3016 δὲ
1377 2955 1434 3020 τοῦ

249 3048 428 3137 παραδόξου
451 3051 621 3138 orepavor
642 3055 805 3138 πανταχοῦ
829 3057 977 3140 διέτρεχε,
1002 3052 1144 3137 itemque
1168 3050 1255 3137 apud
1278 3050 1434 3124 Ovidium

248 3151 340 3216 Paris
363 3153 510 3218 versibus
533 3155 802 3218 antecedentibus
825 3153 974 3217 Helenae
994 3163 1198 3218 venustatem
1214 3154 1350 3218 Veneris
1365 3155 1435 3240 pul-

250 3253 426 3319 chritudini
448 3279 561 3340 parem
584 3280 654 3320 esse
678 3258 767 3321 dicit.

334 3358 401 3422 Sed
430 3368 465 3421 ut
486 3358 577 3422 Paris
599 3359 761 3442 Helenae,
792 3362 838 3423 sic
868 3361 966 3423 etiam
988 3359 1118 3424 Helena
1139 3359 1264 3424 Paridis
1291 3361 1434 3425 formosi-

248 3472 349 3525 tatem
365 3461 542 3525 admiratur
552 3502 594 3510 —-
605 3463 640 3525 id
656 3463 742 3546 quod
757 3464 820 3525 iam
833 3463 1006 3547 Euripides
1017 3463 1140 3527 indicat
1151 3463 1222 3548 Iph.
1235 3464 1275 3526 Α.
1287 3470 1350 3532 583
1363 3486 1432 3550 sqq.

334 3687 356 3751 1)
376 3687 433 3740 Hoc
451 3689 582 3755 Egnatius
598 3689 738 3757 proposuit
754 3705 804 3758 pro
823 3692 858 3742 ‘et
877 3708 899 3743 v.
914 3696 939 3744 et
952 3689 999 3756 p.';
1019 3704 1176 3758 quamquam
1196 3695 1283 3742 utrum
1302 3689 1336 3742 sit
1353 3704 1432 3758 prae·

247 3772 398 3837 terendum,
425 3774 468 3827 hic
493 3774 598 3840 quidem
623 3775 737 3828 dubitari
762 3775 836 3828 licet:
861 3791 922 3828 nam
946 3775 1066 3828 videmus
1084 3774 1178 3828 Ovidio
1203 3790 1256 3827 non
1276 3774 1432 3828 inusitatum

248 3874 306 3912 esse
324 3859 441 3924 verbum,
461 3859 530 3926 quod
550 3861 602 3912 iam
619 3863 770 3926 antecessit,
788 3862 920 3929 particula
939 3861 980 3914 ‘et'
1000 3868 1047 3914 aut
1063 3861 1156 3913 addita
1174 3867 1220 3912 aut
1240 3860 1337 3913 omissa
1355 3876 1432 3928 repe-

247 3953 312 4010 tere,
339 3945 410 3998 velut
427 3946 453 3997 h.
471 3945 488 3998 l.
508 3945 543 3998 ‘et
562 3946 623 3999 vidi'
642 3954 703 4014 post
721 3947 790 3999 ‘vidi'
809 3947 994 4015 praecedentis
1013 3962 1105 4000 versus
1123 3945 1168 4012 (cf.
1187 3944 1279 4000 Loers.
1298 3945 1374 3999 adh.
1393 3947 1431 4012 1.).

247 4030 299 4084 Sed
317 4031 415 4098 Egnati
433 4032 584 4084 coniectura
602 4031 770 4085 confirmetur
788 4033 846 4085 loco
865 4031 1018 4100 Vergiliano
1038 4032 1095 4101 (ecl.
1109 4032 1176 4086 VIII
1189 4032 1245 4099 41):
1266 4033 1302 4085 ‘ut
1321 4033 1382 4098 vidi,
1402 4041 1433 4086 ut

247 4118 328 4184 perii,
347 4123 377 4168 ut
395 4133 435 4170 mc
454 4117 539 4170 malus
558 4117 669 4171 abstulit
686 4118 767 4171 error'
788 4117 831 4186 (:
851 4117 904 4172 Cir.
924 4137 947 4172 v.
965 4118 1035 4188 430).
1053 4149 1087 4156 —
1106 4119 1171 4172 Cum
1190 4121 1247 4172 tote
1264 4126 1352 4173 autem
1371 4135 1431 4172 sen·

246 4203 331 4255 tentia
348 4203 415 4256 bene
434 4204 553 4257 conferas
571 4203 668 4256 Achill.
687 4205 746 4256 Tat.
766 4203 820 4269 14,
840 4203 867 4256 4:
889 4201 926 4266 ὣς
945 4204 975 4258 δὲ
994 4205 1080 4272 εἶδον,
1100 4202 1187 4266 εὐθὺς
1205 4203 1369 4260 ἀπολώλειν.

332 4287 353 4356 2)
372 4289 430 4342 Hoc
447 4291 581 4343 lenissima
599 4291 744 4343 mutatione
763 4305 777 4342 e
796 4292 882 4343 verbIs
901 4291 1008 4344 traditis
1027 4291 1064 4343 ‘ut
1083 4290 1151 4356 vidi,
1170 4291 1295 4357 ingemui¹
1314 4293 1432 4345 correxit

247 4373 381 4428 Heinsius
