3242 4860
258 499 372 540 verum
402 476 499 539 etiam
531 497 549 536 a
577 473 681 557 poetis
710 472 939 556 posterioribus
969 483 1097 537 narrato
1127 469 1205 556 quid
1229 468 1366 534 Ovidius
1388 467 1444 532 hic

257 579 456 664 potissimum
486 575 547 641 sibi
577 575 756 658 effinxerit,
787 577 954 662 quierem
976 575 1176 662 paucissimis
1198 573 1307 638 verbis
1329 573 1443 656 tangit,
1527 603 1532 614 ·

258 682 452 766 ignoramus.
487 679 692 766 Quapropter
714 701 756 743 ne
781 680 821 742 de
844 678 931 744 fonte
955 679 1096 766 quidem,
1120 700 1217 764 quem
1240 676 1293 766 hic
1317 675 1443 757 adierit,

259 786 340 848 certi
364 785 539 870 quidquam
563 781 728 847 enucleari
750 782 837 847 licet.
852 782 876 869 ¹)
899 821 941 830 —

345 888 414 952 Iam
444 898 510 952 esto
540 886 622 950 finis.
666 885 751 950 Satis
780 896 888 950 autem
918 887 1047 968 exeis,
1077 908 1158 971 quae
1182 884 1349 969 hucusque
1372 904 1444 968 per-

258 987 484 1074 tractavimus,
522 991 630 1054 elucet
662 1000 813 1076 poetam
847 1013 1040 1054 romanum
1073 992 1111 1053 in
1141 988 1293 1052 Paridis
1327 985 1444 1048 Hele-

258 1117 406 1180 naeque
441 1093 619 1181 epistulis
654 1093 927 1180 componendis
961 1115 1102 1158 summa
1136 1115 1221 1156 cum
1253 1099 1335 1153 arte
1369 1111 1444 1152 ma-

258 1199 395 1262 teriam
430 1197 676 1262 contexuisse
711 1219 729 1260 e
758 1196 872 1261 variis
901 1196 1073 1262 fontibus
1102 1197 1277 1282 petitam,
1312 1215 1395 1257 cum
1425 1214 1443 1254 e

259 1301 410 1387 Cypriis
446 1313 483 1366 et
510 1300 698 1385 Euripide
731 1310 808 1363 tum
840 1324 886 1364 ex
915 1311 1072 1365 auctore
1100 1297 1261 1385 quodam
1288 1297 1444 1360 alexan-

260 1405 378 1469 drino.
413 1402 515 1468 Simul
537 1426 615 1468 vero
636 1413 747 1487 etota,
771 1426 867 1490 quam
883 1403 1089 1486 absolvimus,
1113 1402 1300 1488 quaestione
1315 1421 1444 1486 prorsus

260 1508 400 1572 efficitur
429 1530 542 1572 versus
572 1531 621 1594 ep.
646 1507 723 1571 XVI
745 1512 909 1589 esi-144,
942 1509 1002 1572 etsi
1024 1506 1172 1572 omnibus
1193 1506 1227 1568 in
1249 1505 1341 1568 bonis
1364 1503 1444 1567 anti-

260 1613 394 1697 quisque
424 1611 590 1676 codicibus
621 1609 736 1675 desunt
762 1649 804 1658 —-
826 1612 860 1674 in
887 1611 1006 1697 optimo
1030 1620 1138 1674 autem
1160 1608 1305 1671 Parisino
1327 1604 1445 1671 lacuna

258 1725 387 1779 notatur
408 1755 460 1796 -,
484 1714 591 1778 eidem
614 1725 730 1800 poetae
753 1714 940 1778 tribuendos
964 1737 1048 1798 esse,
1073 1714 1128 1799 qui
1151 1719 1276 1775 ceteras
1299 1710 1445 1774 eiusdem

260 1819 415 1905 epistulae
437 1827 546 1904 partes
569 1839 630 1881 nec
653 1840 717 1881 non
740 1816 887 1881 Helenae
911 1817 1081 1903 epistulam
1105 1815 1292 1901 composuit.

345 1918 406 1986 His
434 1923 601 2007 perpensis
629 1931 799 2007 postquam
827 1920 954 1984 illarum
978 1920 1187 2008 epistularum
1209 1918 1314 1982 fontes
1336 1917 1445 1980 statui-

260 2049 346 2107 mus,
379 2025 467 2088 aliud
493 2024 572 2110 quid
600 2025 665 2088 iam
686 2033 802 2088 restat:
831 2025 1064 2110 nequeenim,
1095 2025 1167 2110 qais
1183 2022 1288 2106 fuerit
1309 2019 1451 2084 collecti

260 2142 369 2192 auctor
390 2128 577 2209 hellenismo,
601 2149 758 2212 quaerere
780 2129 926 2214 ineptum
949 2128 999 2192 sit.
1034 2127 1108 2207 Qua
1129 2127 1162 2189 in
1182 2148 1218 2188 re
1234 2124 1331 2188 ab'eo
1346 2144 1446 2186 versu

259 2230 529 2318 proficiscendum
552 2240 610 2312 est,
634 2253 696 2316 quo
713 2231 881 2296 Oolluthus
905 2232 1039 2296 dearum
1055 2239 1221 2294 certamen
1237 2228 1271 2292 in
1284 2225 1446 2290 Phalacra

259 2335 380 2399 factum
396 2357 466 2398 esse
481 2334 613 2397 indicat.
645 2333 683 2397 ln
697 2335 861 2418 prooemio
878 2337 965 2399 enim
979 2335 1136 2421 poematis
1151 2332 1267 2397 montis
1282 2327 1442 2415 nymphas

259 2441 425 2504 invocatae
448 2437 573 2501 Paridis
595 2437 715 2502 iudicio
738 2437 879 2502 adfuisse
901 2439 995 2522 fingit
1016 2463 1048 2502 v.
1075 2444 1113 2506 13
1136 2459 1199 2524 sq.:

722 2577 818 2646 αὐταὶ
840 2576 900 2665 γὰρ
925 2575 1113 2666 &unquentis
1137 2577 1289 2660 μολοῦσαι

417 2679 539 2771 Ἰδαίης
561 2679 818 2770 τρικάρηνονῖ)
842 2678 900 2750 ὑπὸ
924 2685 1052 2769 πρηῶνα
1075 2676 1287 2766 Φαλάκρης.

345 2818 405 2882 His
428 2829 537 2883 autem
559 2818 668 2883 verbis
690 2819 777 2905 quod
799 2817 1008 2903 significatur,
1032 2839 1106 2880 cum
1120 2814 1299 2879 Phalacrae
1320 2811 1442 2877 mentio

259 2923 421 2986 rarissima
442 2925 484 2987 sit
493 2924 529 3010 ³),
554 2921 660 3008 aliquo
683 2921 778 2987 modo
802 2922 978 2987 cohaerere
994 2931 1070 3006 puto
1087 2941 1161 2984 cum
1175 2915 1442 3003 Lycophronis

166 3115 168 3120 Ι
259 3024 344 3106 loco,
367 3026 424 3090 ubi
446 3025 572 3090 Paridis
594 3047 695 3089 naves
718 3034 925 3115 Φαλακραῖαι
948 3024 1039 3114 κόραι
1061 3033 1219 3088 vocantur·
1242 3019 1352 3108 (Alex.
1376 3018 1442 3106 24).
1501 3089 1504 3100 ,
1599 3087 1600 3098 ,

260 3127 366 3207 Quem
395 3130 441 3193 ita
470 3129 652 3217 explicans,
682 3139 718 3193 ut
750 3151 804 3193 eas
832 3129 866 3193 in
894 3127 1063 3193 cacumine
1084 3126 1139 3191 illc
1162 3124 1349 3188 aedificatas
1372 3144 1444 3186 esse

345 3337 365 3402 1)
384 3337 442 3389 Hoc
456 3335 560 3405 Cypriis
573 3337 673 3402 deberi,
693 3338 714 3390 si
726 3336 839 3402 fabulae,
853 3337 895 3390 cui
909 3337 1038 3404 epistulae
1053 3334 1157 3388 Paridis
1168 3331 1340 3400 Helenesque
1352 3347 1443 3398 super-

261 3428 376 3476 structae
389 3429 458 3488 sunt,
472 3439 563 3477 omnes
575 3429 666 3489 partes
679 3439 710 3476 ex
725 3425 763 3476 eis
775 3429 896 3490 sumptae
908 3428 1003 3486 essent,
1017 3422 1163 3475 rectissime
1176 3421 1308 3474 coniceret
1322 3415 1445 3471 Wentzel

261 3507 298 3576 (p.
319 3509 351 3560 19
369 3509 430 3575 sq),
454 3509 498 3576 qui
517 3510 545 3561 in
563 3509 679 3562 carmine
697 3508 742 3561 illo
761 3511 836 3577 spico
854 3525 906 3562 nou
925 3509 1009 3562 solum
1027 3506 1060 3560 de
1078 3507 1163 3561 bubus
1182 3505 1379 3574 Apharidarum
1397 3503 1443 3554 ab·

260 3594 354 3662 neptis,
380 3593 427 3646 sed
449 3595 528 3648 etiam
553 3594 585 3648 de
603 3595 733 3662 Leucippi
756 3594 860 3649 filiabus
885 3594 1006 3648 abductis
1028 3594 1109 3647 verba
1130 3592 1202 3646 facta
1224 3607 1281 3646 esse
1301 3590 1444 3645 Welckerc

260 3680 345 3748 (cycl.
364 3679 415 3747 ep?
433 3677 473 3733 ΙΙ2
489 3697 515 3748 p.
529 3681 562 3734 97
575 3680 635 3733 adn.
650 3680 693 3746 11)
710 3681 767 3734 iure
786 3669 928 3750 respondet
947 3677 1130 3747 (Ἐπικλήσεις
1147 3679 1234 3747 θεῶν,
1253 3678 1315 3732 diss.
1325 3675 1443 3742 Gotting.

261 3767 327 3820 1889
346 3782 403 3834 cap.
422 3767 447 3820 V
464 3783 490 3834 p.
511 3767 543 3820 18
561 3767 636 3835 sqq).
673 3767 710 3820 At
732 3767 853 3832 Ovidius,
876 3784 936 3820 cum
959 3765 1093 3834 permulta
1117 3763 1262 3819 secundum
1283 3760 1443 3816 Alexandri·

259 3869 352 3905 norum
368 3853 522 3906 memoriam
532 3855 656 3921 persequi
668 3853 819 3918 viderimus,
837 3853 949 3906 fortasse
961 3853 1005 3906 hic
1018 3866 1121 3920 quoque
1132 3849 1237 3904 fabulae
1249 3849 1320 3904 illius
1331 3847 1444 3902 formam

261 3937 391 4005 significat
410 3954 472 3992 sane
490 3938 573 3992 multo
590 3941 773 4005 recentiorem,
792 3955 871 4007 quam
889 3939 946 4007 ipse
965 3938 1097 4006 copiosius
1112 3935 1202 4004 prodit
1213 3933 1274 3990 fast.
1287 3935 1312 3990 V
1323 3934 1374 3987 699
1387 3947 1443 4000 sqq.

260 4023 303 4091 (cf.
323 4031 372 4078 art.
391 4024 481 4078 1679.
509 4025 620 4078 Theocr.
639 4025 709 4094 idyll.
730 4024 811 4078 XXII
829 4027 878 4078 137
898 4041 953 4094 sqq.
973 4023 1054 4078 schol.
1073 4021 1138 4076 Ven.
1156 4023 1233 4075 Hom.
1249 4019 1342 4074 Γ243.
1361 4016 1444 4072 schol.

261 4109 337 4163 Pind.
356 4126 423 4164 nem.
442 4111 468 4164 X
487 4112 544 4165 112.
573 4111 639 4180 Hyg.
658 4111 710 4165 fab.
729 4112 770 4164 80.
799 4108 1033 4179 Myonvairt.
1062 4108 1190 4163 Roscheri
1201 4109 1252 4162 lex.
1265 4123 1292 4175 p.
1306 4103 1375 4158 1160
1386 4103 1445 4172 sq).

346 4194 370 4262 ²)
389 4195 433 4250 Sic
457 4214 517 4250 cum
541 4197 637 4251 Abelio
660 4196 800 4264 legendum
824 4211 930 4250 censeo:
959 4195 1016 4249 cod.
1041 4196 1138 4249 Mutin.
1162 4194 1271 4248 exhibet
1295 4191 1373 4258 ἰ’δαίη
1393 4187 1398 4258 Ι
1420 4205 1445 4240 σι

261 4301 388 4350 sinoncort.

348 4366 369 4436 3)
388 4367 500 4422 Nicand.
520 4369 587 4422 ther.
606 4368 665 4422 068.
690 4366 803 4436 alexiph.
822 4367 863 4420 40.
900 4367 963 4436 Lyc.
982 4366 1056 4421 Alex.
1075 4369 1151 4422 1170.
