3214 4854
719 317 935 380 ...Q-.-

322 484 408 548 Dum
440 489 521 550 iuter
550 509 656 550 cenam
687 497 775 568 sunt,
810 482 925 548 heroes
953 484 994 548 ab
1021 482 1127 548 Aeeta
1157 484 1260 549 vellus
1287 507 1421 548 aureum

237 598 363 674 petunt:
386 589 421 652 id
444 589 531 676 quod
544 587 734 676 Apollonius
757 590 857 655 fusius
874 588 1017 674 explicat
1032 613 1063 652 v.
1079 591 1261 670 eoa—366,
1285 587 1422 652 Ovidius

237 703 273 756 ut
302 695 406 756 minus
437 716 537 777 grave
560 696 652 781 quasi
673 695 707 758 in
729 695 865 759 transitu
889 693 1032 776 attingit5
1062 714 1124 755 nec
1146 691 1307 777 pluribus,
1339 715 1421 778 quae

236 799 358 862 Aeetes
390 797 539 862 Iasonem
572 798 731 884 perficere
768 799 918 879 iusserat,
958 819 1055 860 versu
1088 797 1235 883 proximo
1270 797 1420 881 absolvit3

238 901 278 965 cf.
301 910 378 965 met.
402 901 467 964 VH
491 906 507 968 7
532 925 593 988 sq:

424 1021 556 1086 ‘adeunt
577 1045 691 1106 regem
712 1022 920 1111 Phrixeaque
942 1022 1067 1086 vellera
1089 1030 1235 1108 poscunt,

329 1125 449 1212 lexque
473 1125 567 1189 datur
588 1126 708 1212 Minyis
721 1127 744 1214 1)
768 1149 959 1211 magnorum
982 1126 1145 1190 horrenda
1166 1125 1331 1190 laborum’.

238 1264 358 1328 Contra
379 1263 499 1328 Medea
520 1265 602 1349 ipsa,
631 1266 749 1350 quippe
777 1288 859 1351 quae
883 1265 1031 1329 Iasonem
1054 1264 1272 1351 periculorum
1296 1285 1423 1349 suseep-

236 1377 342 1431 torum
364 1367 596 1451 magnitudinis
618 1369 736 1431 iterum
755 1369 937 1454 iterumque
953 1368 1230 1434 commonefacere
1246 1367 1335 1450 velit,
1358 1389 1439 1431 non·

237 1471 305 1534 sine
340 1470 516 1534 calliditate
552 1471 649 1535 ctiam
682 1473 716 1534 in
749 1473 837 1536 iussu
865 1473 990 1536 Aeetae
1026 1472 1218 1558 exponendo
1246 1472 1346 1536 nimia
1376 1480 1424 1535 est

205 1597 208 1600 ·
238 1597 287 1660 ep.
312 1573 379 1638 XII
402 1580 442 1643 39
465 1597 549 1661 sqq:

368 1696 497 1759 ‘dicitur
519 1695 644 1759 interea
666 1696 726 1759 tibi
749 1694 813 1779 Iex,
837 1706 873 1760 ut
896 1696 977 1760 dura
999 1696 1141 1760 ferorum

236 1805 288 1868 40.
442 1799 569 1864 insolito
593 1821 758 1884 premeres
780 1823 912 1866 vomere
936 1799 1019 1864 colla
1041 1799 1150 1864 boum.

365 1901 499 1967 Martis
523 1913 614 1966 erant
636 1905 750 1986 tauri,
774 1903 845 1989 plus
870 1927 965 1990 quam
988 1926 1048 1990 per
1072 1925 1193 1969 cornua
1214 1905 1313 1986 saevi,

443 2029 578 2093 quorum
601 2005 754 2071 terribilis
777 2009 937 2092 spiritus
960 2009 1061 2092 ignis
1085 2017 1174 2070 erat.

366 2132 455 2172 aere
479 2109 596 2194 pedes
620 2110 733 2173 solidi
756 2120 990 2198 praetentaque
1013 2110 1144 2174 naribus
1167 2133 1253 2191 aera,

442 2213 536 2296 nigra
557 2236 617 2299 per
640 2212 767 2277 afflatus
790 2212 872 2277 haec
896 2237 1023 2301 quoque
1046 2215 1133 2279 facta
1156 2237 1239 2278 suos.

268 2301 288 2380 ’.
366 2317 509 2380 semina
530 2327 701 2402 praeterea
723 2317 883 2403 populos
905 2319 1084 2402 genitura
1106 2319 1228 2383 iuberis

440 2442 592 2505 spargere
617 2420 735 2485 devota
757 2420 823 2484 lata
845 2445 903 2507 per
925 2445 1004 2487 arva
1026 2445 1133 2504 manu,

365 2525 420 2611 qui
442 2532 593 2609 peterent
614 2526 697 2587 natis
721 2547 831 2588 secum
854 2535 1068 2612 tuacorpora
1090 2525 1178 2590 telis:

441 2626 497 2691 illa
520 2637 568 2692 est
591 2627 754 2712 agricolae
777 2629 889 2693 messis
911 2630 1022 2716 iniqua
1045 2652 1111 2693 suo.

366 2731 500 2819 [lumina
524 2731 664 2796 custodis
687 2731 900 2796 succumbere
923 2733 1033 2796 nescia
1056 2755 1166 2798 somno

235 2840 285 2904 50.
441 2834 572 2899 ultimus
596 2845 645 2899 est
667 2834 775 2921 aliqua
798 2837 950 2922 decipere
974 2847 1042 2900 arte
1065 2835 1189 2925 labor]'.

236 2971 329 3051 Quae
363 2959 441 3058 quin
470 2972 607 3038 Ovidius
636 2973 678 3038 ad
704 2973 868 3061 Apollonii
898 2974 1084 3060 exemplum
1113 2974 1324 3060 expresserit,
1357 2995 1422 3036 non

237 3076 365 3140 dubites
382 3076 452 3141 loco
470 3089 663 3163 comparato,
681 3077 737 3142 ubi
752 3079 778 3140 is
796 3077 903 3142 Iasoni
919 3099 1031 3162 regem
1047 3101 1121 3142 cum
1134 3079 1196 3143 alia
1207 3080 1422 3164 imperantem

235 3179 360 3244 inducit
382 3190 449 3243 tum
473 3178 556 3244 haec
580 3183 624 3267 (v.
648 3186 710 3249 407
735 3181 832 3268 sqq.):

366 3313 458 3390 ratpot
482 3306 517 3367 δέ
539 3328 588 3369 τοι
612 3301 722 3387 μένεός
744 3331 779 3370 τε
804 3304 860 3370 καὶ
883 3302 984 3390 ἀλκῆς
1008 3303 1108 3371 ἔσσετ’
1132 3301 1251 3382 ἅεῖῖλος

366 3402 418 3472 τόν
444 3404 468 3491 ῥ’
493 3403 592 3483 αὐτὸς
615 3409 751 3492 περίειμι
772 3418 873 3494 χεροῖν
897 3405 982 3475 όλοόν
1006 3433 1063 3493 περ
1088 3405 1189 3474 ἐόντα.

366 3511 438 3576 δοίω
468 3535 520 3594 μοι
543 3513 646 3576 πεδίον
670 3506 706 3576 τό
725 3507 871 3596 Ἀρήϊον
896 3507 1128 3596 ἀμφινέμονται
1236 3588 1239 3593 ,

364 3607 486 3699 ταόρω
510 3609 738 3699 χαλκοπόδε,
765 3611 925 3698 στόματι
949 3612 1070 3700 φλόγοι
1094 3611 1334 3699 φυσιόωντες·

365 3714 439 3794 τοὺς
462 3714 544 3783 ε’λοίω
569 3713 681 3796 ζεύξας
705 3714 860 3803 στυφελὴν
884 3715 971 3784 κατὰ
993 3715 1071 3784 νειὸν
1095 3712 1208 3804 Ἄρηος

366 3817 548 3907 τετράγυον,
571 3817 628 3906 τήν
653 3817 737 3906 αἶψα
759 3819 869 3905 ταμὼν
894 3821 943 3886 ἐπὶ
965 3824 1076 3887 τέλσον
1101 3817 1222 3910 ἀρότρῳ

366 3921 401 3990 οὐ
424 3919 536 4010 σπόρον
561 3918 697 3992 ὁλκοῖσιν
722 3927 821 4010 Δηοῦς
845 3920 1048 4009 ἐνιβάλλομαι
1073 3921 1185 4010 ἀκτήν,

365 4024 432 4093 ἀλλ’
454 4023 545 4113 ’όφιος
569 4033 677 4094 δεινοῖο
703 4023 1040 4114 μεταλδήσκοντας
1063 4024 1221 4104 όδόντας

321 4217 341 4283 1)
360 4215 436 4269 Hanc
455 4218 531 4270 uulua
549 4223 650 4270 rectam
668 4233 725 4270 csse
743 4218 884 4272 lectionem
902 4224 967 4285 puto
986 4219 1019 4272 ab
1037 4215 1148 4271 Heinsio
1166 4223 1194 4272 et
1207 4216 1338 4272 Gronovio
1357 4233 1421 4271 enu-

235 4305 347 4358 cleatam
370 4319 384 4356 e
409 4303 548 4370 scrIpturis
570 4303 697 4356 librorum
718 4320 794 4358 msc:
820 4304 918 4372 ‘visque
938 4303 1016 4370 (ποτ’
1035 4303 1178 4370 superscr.)
1199 4303 1278 4357 datur
1295 4303 1420 4357 numeris*

236 4391 362 4442 Man-ian.
382 4405 451 4442 saec.
465 4387 514 4454 XI,
534 4389 640 4458 ‘visque‘
660 4390 701 4444 vel
721 4390 838 4458 ‘voxque’
858 4391 1004 4444 detenores
1022 4388 1097 4446 codd.
1117 4390 1149 4444 cf.
1169 4407 1210 4460 cp.
1225 4389 1280 4444 XII
1292 4391 1333 4447 39.
