3242 4860
704 345 917 409 ..70-

222 517 407 581 inimicitias
437 513 638 598 susceperint
668 521 849 598 quantaque
880 511 1012 574 numina
1034 508 1158 573 Paridis
1182 508 1329 590 coniugio
1353 505 1409 569 ob·

200 620 374 684 ‘stiterint:
399 615 485 703 quod
508 616 627 680 diserte
650 615 796 679 indicant
811 614 959 696 Ovidius,
983 613 1038 700 qui
1054 612 1214 677 Helenam
1229 609 1409 696 periculum

224 723 440 808 suspicantem
463 721 556 805 fingit
578 744 609 784 v.
633 725 693 788 241
719 740 803 804 sqq:
912 724 915 730 '

380 847 488 927 ‘utque
511 840 600 905 favet
622 839 788 927 Cytherea
809 838 879 919 tibi,
904 838 979 924 quia
1001 838 1080 901 vicit
1103 836 1267 923 habetque

430 953 523 1030 parta
544 965 603 1030 per
625 943 795 1007 arbitrium
817 941 895 1006 bina
919 952 1052 1027 tropaea
1073 950 1174 1021 tuum,

378 1049 424 1111 sic
447 1047 518 1111 illas
540 1069 665 1129 vereor,
690 1068 783 1132 quae,
807 1046 834 1108 si
857 1055 912 1108 tua
935 1044 1037 1129 gloria
1059 1066 1140 1106 vera
1163 1052 1220 1125 est,

430 1150 538 1214 iudice
562 1160 593 1214 te
617 1171 746 1214 causam
769 1171 834 1212 non
856 1156 990 1211 tenuere
1014 1146 1115 1227 deae’,

226 1253 259 1355 et
282 1289 450 1355 Colluthus
473 1289 558 1373 ipse,
583 1287 637 1374 qui
660 1309 714 1368 eo,
739 1287 826 1373 quod
848 1286 1030 1350 Minervam
1052 1286 1128 1350 navi
1151 1285 1276 1350 Paridis
1299 1286 1410 1349 aedifi-

227 1393 352 1458 candae
376 1391 515 1456 defuisse
537 1391 640 1476 planis
662 1391 772 1454 verbis
794 1390 963 1476 profitetur
985 1391 1030 1472 (v.
1048 1393 1122 1471 201)
1139 1389 1269 1452 fabulae
1285 1391 1410 1453 ratione

227 1521 246 1562 a
268 1520 302 1560 so
324 1497 472 1560 instituta
493 1493 745 1580 haudquaquam
761 1504 902 1575 coactus,
926 1491 1120 1576 exemplaris
1135 1492 1305 1556 frustulum
1320 1491 1410 1556 haud

227 1600 325 1665 dubie
349 1599 500 1664 servavit.
545 1598 653 1682 Atque
677 1607 842 1661 auctorem
866 1596 1086 1676 hellenistam,
1115 1618 1188 1660 cum
1212 1597 1308 1660 etiam
1331 1607 1410 1660 tem-

225 1713 383 1790 pestatem
414 1701 567 1782 excitari,
602 1702 684 1764 sicut
714 1698 898 1782 OolluthuS,
933 1698 1102 1762 manifesto
1132 1698 1312 1781 effinxerit,
1343 1700 1411 1764 irae

197 1849 212 1891 3
226 1807 357 1871 Iunonis
380 1826 507 1892 quoque
529 1843 573 1852 —
592 1827 657 1868 non
679 1804 765 1867 enim
788 1803 852 1866 alia
873 1803 936 1866 dea
956 1801 1143 1886 procellam,
1168 1803 1257 1866 ouius
1281 1825 1411 1867 causam

226 1908 394 1975 Oolluthus
416 1910 526 1994 inepte
549 1917 637 1972 tacet
659 1913 701 1990 (v.
725 1912 789 1976 206
812 1909 910 1992 sqq),
942 1905 1135 1989 excitavit1)
1158 1943 1200 1954 -
1223 1907 1412 1971 memoriam

226 2012 341 2077 fecisse
364 2013 434 2076 veri
458 2011 610 2076 dissimile
633 2033 698 2076 non
721 2019 770 2074 est
792 2009 846 2092 (cf.
871 2011 969 2074 etiam
991 2033 1023 2073 v.
1049 2013 1134 2092 192).

125 2101 128 2107 ¹
311 2115 376 2178 Hic
399 2115 462 2178 iam
486 2114 705 2178 subsistamus.
740 2113 869 2178 Etenim
891 2113 1078 2198 priusquam
1094 2112 1222 2198 reliqua
1236 2122 1413 2198 pertracte-

227 2241 312 2300 mus,
343 2217 503 2303 quomodo
526 2217 668 2298 accidat,
698 2227 734 2281 ut
757 2217 854 2281 etiam
877 2217 1054 2280 Luciani
1077 2239 1142 2282 non
1163 2217 1259 2280 modo
1281 2217 1412 2282 fabulae

227 2321 488 2402 fundamentum,
519 2342 632 2384 verum
656 2321 736 2385 ratio
761 2342 888 2407 quoque
913 2318 1121 2384 describendi
1145 2341 1218 2384 cum
1243 2319 1414 2384 Ovidianis

227 2434 260 2489 et
282 2424 460 2491 Collutheis
482 2423 591 2509 aliqua
613 2434 769 2509 exparte
794 2434 987 2508 congruant,
1012 2422 1232 2509 quaerendum
1258 2433 1314 2487 est.
1359 2423 1411 2487 Ac

226 2530 363 2615 primurn
388 2527 534 2614 quidem,
567 2549 649 2612 quae
672 2528 835 2592 Lucianus
856 2527 965 2609 refert,
990 2526 1138 2593 Collutho
1162 2536 1289 2612 praesto
1312 2526 1411 2590 fuisse

227 2632 428 2697 infitiandum
458 2639 522 2696 est:
553 2653 629 2696 nam
656 2640 704 2712 et,
734 2631 760 2694 si
782 2630 835 2694 hio
859 2630 950 2695 illum
973 2631 1211 2714 exscripsisset,
1243 2639 1331 2694 certe
1354 2631 1413 2692 mi-

226 2758 380 2816 raremur,
404 2735 490 2821 quod
506 2733 674 2800 Colluthus
696 2733 818 2798 solutae
838 2734 1039 2820 potissimum
1055 2734 1206 2798 orationis
1222 2733 1411 2818 scriptorem

225 2839 367 2904 imitatus
391 2849 475 2903 esset
498 2848 594 2924 atque
618 2861 702 2918 eum,
726 2839 781 2922 qui
802 2837 942 2917 fabulae,
967 2860 1064 2923 quam
1087 2837 1231 2901 carmine
1253 2838 1321 2922 ipse
1340 2859 1413 2922 pro-

225 2940 314 3023 tulit,
345 2951 471 3027 partem
493 2951 618 3005 tantum
641 2950 784 3022 enarrat,
809 2950 855 3022 et,
880 2941 906 3004 si
930 2942 999 3025 quis
1022 2940 1084 3004 hac
1107 2940 1197 3003 inre
1220 2939 1412 3004 illustranda

226 3053 366 3109 sectatus
401 3055 485 3109 esset
518 3044 715 3125 Lucianum,
753 3045 860 3108 omnia
892 3044 1006 3129 procul
1039 3043 1139 3107 dubio
1172 3043 1322 3106 lascivius
1357 3067 1412 3108 ex-

135 3205 136 3210 ,
225 3148 383 3234 posuisset
405 3171 503 3234 quam
525 3147 702 3213 Colluthus.

313 3251 406 3331 Turn,
430 3261 466 3314 ut
488 3250 551 3314 hoo
574 3251 669 3314 simul
684 3251 880 3332 absolvatur,
905 3274 946 3314 ne
963 3248 1118 3315 Ovidium
1135 3249 1266 3335 quidem
1281 3257 1413 3334 praeter

228 3363 392 3420 auctorem
413 3353 659 3417 alexandrinum
676 3353 818 3419 Colluthi
834 3353 956 3418 fontem
971 3353 1067 3418 fuisse
1083 3360 1189 3438 patet:
1211 3375 1287 3417 nam
1302 3365 1412 3438 quam-

226 3459 275 3522 vis
298 3456 382 3521 illius
405 3457 549 3521 carmina
571 3457 732 3542 plerisque
755 3457 948 3543 pervulgata
969 3457 1046 3520 huic
1064 3477 1197 3543 quoque
1219 3464 1295 3519 nota
1314 3455 1411 3519 fuisse

227 3569 329 3646 putes,
352 3583 417 3624 non
440 3569 549 3624 tamen
564 3559 660 3624 facile
676 3561 736 3626 tibi
750 3559 947 3646 persuadeas
962 3559 1105 3623 futurum
1120 3558 1228 3640 fuisse,
1251 3568 1287 3622 ut
1302 3556 1413 3623 fabula

228 3663 330 3749 qualis
359 3662 528 3728 aNasone
559 3662 734 3728 exhibetur
763 3662 911 3728 adhibita
939 3673 1092 3726 cunctum
1120 3671 1346 3746 argumentum
1367 3662 1413 3725 ita

228 3776 484 3852 componeretur,
507 3779 544 3832 ut
566 3767 721 3831 evaderet
744 3790 822 3852 opus
845 3776 911 3830 tam
934 3765 1041 3830 multis
1064 3776 1195 3830 auctum
1219 3776 1252 3830 et
1273 3765 1315 3830 ab
1336 3764 1412 3830 Ovi-

228 3871 323 3935 diano
347 3870 532 3956 discrepans
549 3893 644 3956 quam
660 3869 804 3934 Colluthi
817 3892 943 3955 poema.
980 3869 1132 3955 Denique
1147 3869 1328 3933 Lucienum
1343 3892 1413 3933 rem

228 3998 270 4038 ex
287 3973 397 4039 Ovidii
421 3973 564 4059 epistulis
587 3973 790 4059 desumptam
814 3973 854 4038 de
878 3996 934 4037 suo
957 3972 1110 4038 formasse
1126 3982 1222 4058 atque
1240 3995 1411 4038 exornasse

227 4099 322 4141 nemo
346 4086 395 4142 est
417 4077 473 4163 qui
492 4077 648 4162 opinetur,
672 4078 864 4162 praesertim
880 4099 953 4140 cum
968 4076 1022 4141 ille
1038 4085 1207 4162 poetarum
1222 4099 1412 4161 graecorum

228 4180 349 4245 fontem
379 4179 608 4244 inexhaustum
636 4189 725 4244 certe
747 4179 862 4243 meiius
884 4179 1041 4260 novisset,
1073 4201 1169 4264 quam
1190 4188 1226 4243 ut
1248 4178 1359 4244 hortus
1383 4180 1412 4242 ei

315 4405 336 4468 ¹)
354 4403 420 4458 Iuno
441 4400 551 4473 ὄμβρων
569 4401 667 4473 μήτηρ,
686 4402 795 4470 ἀνέμων
813 4405 919 4473 τροφός
938 4405 1035 4459 dieitur
1054 4404 1133 4472 Orph.
1152 4405 1240 4474 hymn.
1260 4402 1325 4458 XVI
1342 4404 1366 4458 4.
