3242 4860
690 321 905 387 -81-

202 487 318 552 merito
342 487 474 572 collegit
497 487 541 574 (p.
556 487 623 575 54).
658 488 725 553 Nos
747 513 825 554 vero
849 491 977 558 fortuna
1000 493 1120 558 utimur
1134 492 1237 580 magis
1252 493 1391 583 propitia
1431 475 1436 484 .

203 591 293 674 ideo,
325 591 412 678 quod
441 613 504 677 quo
527 592 632 655 rninus
655 593 736 656 certi
760 616 778 657 e
800 591 936 659 Nasonis
959 596 1068 660 verbis
1090 598 1202 683 paucis
1226 597 1391 662 enucleari

204 694 298 777 licet,
330 718 368 760 eo
398 694 470 781 plus
499 695 533 758 in
562 695 669 760 medio
699 698 848 782 proponit
870 697 1048 763 Colluthus.
1092 700 1212 784 Magno
1240 708 1391 764 autema

204 820 340 864 numero
362 821 527 862 sacrorum
549 799 738 864 nominatim
759 800 866 885 priore
889 799 960 867 loco
984 802 1078 866 affert
1097 802 1224 891 χρύσεον
1241 809 1392 894 ἐνδαπίης

205 899 288 981 εἶδος
314 900 456 992 Ἀἳιήνης
479 901 524 989 (v.
548 902 635 989 239).
681 901 778 983 Quod
808 912 897 968 certe
923 904 1171 990 intelligendum
1194 914 1242 971 est
1258 907 1391 992 signum

209 1003 355 1094 Ἀἵιηνάς
377 1003 564 1094 Πολιοίχαντ
588 1027 695 1091 neque
720 1007 819 1088 enim,
851 1009 997 1092 quamvis
1019 1009 1156 1094 Spartae
1177 1008 1242 1074 alia
1264 1031 1391 1095 quoque

206 1108 352 1172 eiusdem
384 1108 465 1172 deae
495 1108 570 1173 fana
596 1109 733 1192 filerint,
765 1109 881 1195 quibus
904 1110 1072 1175 colebatur
1098 1111 1223 1200 Ἀῗνηνᾶ
1249 1112 1390 1201 Ἐργάνη

203 1210 258 1275 vel
284 1211 476 1293 Ὀπτιλῖτις,
500 1212 602 1276 ullum
625 1223 734 1277 tamen
758 1213 919 1278 celebrius
942 1215 1003 1279 fuit
1026 1236 1122 1301 quam
1144 1214 1239 1298 illud,
1264 1215 1391 1300 quoda

204 1313 378 1400 Tyndareo
407 1317 441 1379 in
463 1338 539 1380 arce
562 1316 638 1381 olim
662 1317 848 1381 dedicatum
871 1341 941 1384 esse
963 1318 1066 1382 fertur
1072 1368 1081 1401 ,
1111 1341 1218 1404 neque
1241 1318 1307 1383 ulla
1329 1318 1392 1383 dea

205 1417 333 1503 dignior
356 1428 435 1501 erat,
459 1442 541 1505 quae
566 1425 696 1511 ένὸανιίη
720 1421 948 1507 appellaretur,
972 1444 1069 1507 quam
1082 1421 1148 1504 illa,
1173 1423 1291 1508 quippe
1309 1444 1391 1507 quae

204 1522 294 1586 urbis
316 1531 452 1608 patrona
474 1524 649 1609 antiquitus
665 1523 850 1589 haberetur.
886 1524 983 1605 Quod
998 1547 1072 1589 cum
1087 1527 1134 1588 ita
1148 1526 1198 1607 sit,
1215 1524 1391 1590 ·Oolluthus

206 1648 261 1708 eo,
293 1626 379 1711 quod
402 1627 471 1690 eius
494 1636 633 1691 statuam
655 1649 787 1692 auream
811 1627 903 1711 dicit,
930 1651 1045 1714 parum
1067 1639 1237 1692 accuratus
1259 1629 1390 1694 videtur

205 1751 289 1793 esse:
322 1752 398 1794 nam
431 1739 467 1794 ut
496 1731 564 1794 eius
592 1730 765 1817 templum,
801 1755 818 1794 e
849 1753 911 1816 quo
939 1732 1037 1795 etiam
1068 1736 1260 1810 Χαλκίοικος
1290 1731 1388 1816 vulgo

204 1832 431 1898 nominabatur
443 1834 484 1921 1),
527 1835 573 1898 ita
613 1835 740 1919 signum
778 1841 906 1920 quoque
944 1857 1082 1898 aeneum
1118 1835 1217 1898 fuisse
1255 1843 1389 1899 constat.

204 1934 320 2021 Itaque
343 1936 543 2021 Oolluthum,
567 1939 651 2003 sicut
672 1939 837 2020 Nonnum,
860 1939 894 2001 in
916 1939 1029 2002 statuis
1052 1937 1260 2022 designandis
1282 1937 1389 2023 paullo

204 2039 482 2124 neglegentiorem
505 2041 602 2106 fuisse
626 2065 700 2106 cum
723 2042 902 2106 Temniero
926 2041 1062 2106 credere
1085 2041 1170 2106 malo
1194 2063 1291 2128 quam
1316 2065 1390 2104 cum

205 2141 405 2208 Schneidero
435 2144 499 2210 loci
528 2146 720 2231 scripturam
749 2145 938 2209 mutandam
969 2145 1087 2232 ρειαί)
1131 2144 1281 2208 Alterum
1304 2144 1392 2230 quod

206 2243 373 2310 Colluthus
395 2247 508 2312 laudat
527 2271 654 2312 sacrum
670 2271 734 2312 non
749 2249 940 2334 minuserat
956 2247 1167 2330 celebratum,
1191 2252 1354 2336 Καρνείοιο
1364 2249 1390 2333 ³)

206 2353 293 2435 pabor
309 2356 428 2439 κτέρας
446 2349 652 2432 Ἀπόλλωνος,
671 2350 758 2430 οἶκος
777 2351 982 2441 Ἀμυκλαίοιο
999 2349 1176 2421 ’Υακίνὶινν
1188 2351 1233 2436 (v.
1244 2355 1308 2420 240
1318 2350 1390 2436 sq.)-

208 2451 302 2532 Quod
331 2452 420 2518 haud
450 2454 549 2520 dubie
579 2464 628 2519 est
655 2455 913 2540 antiquissimum
941 2454 1022 2519 iilud
1048 2453 1206 2541 Apollinis
1235 2453 1392 2538 templum

206 2556 422 2642 Amyclaeum
445 2581 542 2644 super
563 2557 744 2644 Hyacinthi
766 2558 913 2645 sepulcro
936 2557 1153 2638 aedificatum,
1177 2557 1234 2621 ubi
1248 2557 1391 2642 Hyacin-

206 2658 276 2724 thia
298 2663 466 2746 quotannis
489 2662 711 2750 agebamus)
755 2662 805 2725 Ac
829 2661 870 2724 de
892 2661 954 2726 hoc
976 2683 1073 2726 versu
1095 2659 1265 2724 Collutheo
1288 2658 1391 2722 simile

207 2785 246 2826 ac
263 2761 303 2827 de
318 2763 477 2849 Phyllidis
492 2765 625 2829 historia
640 2764 846 2829 statuendum
862 2764 1005 2847 videtur3
1025 2763 1085 2826 sed
1100 2773 1207 2826 utrmn
1222 2761 1392 2826 Colluthus
1489 2827 1490 2832 ,

208 2889 298 2929 suam
331 2866 372 2931 de
403 2867 591 2953 Hyacinthe
622 2869 839 2932 narrationem
866 2868 1007 2952 poemati
1035 2865 1208 2930 inseruerit
1238 2889 1255 2930 e
1286 2865 1393 2960 Nonni

206 2968 413 3055 Dionysiacis
428 3011 470 3018 —
485 2972 512 3035 is
535 2972 621 3034 enim
638 2971 776 3036 eandem
789 2971 895 3056 parcis
911 2970 1039 3054 attingit
1054 2969 1164 3033 verbis
1178 2967 1229 3032 III
1246 2975 1308 3038 153
1323 2991 1392 3054 sqq.

209 3074 323 3142 >1253
346 3096 414 3159 sqq.
439 3074 570 3143 111363
593 3096 640 3159 sq.
664 3075 771 3138 XXIX
794 3079 836 3144 95
859 3097 927 3159 sqq.
950 3113 1002 3155 —-,
1025 3081 1061 3136 ut
1081 3071 1204 3158 placuit
1224 3072 1392 3157 Lennepio

211 3233 414 3241 ——--——.-—...

294 3334 316 3401 1)
335 3333 374 3388 Cf.
401 3336 465 3388 Eur.
493 3334 552 3388 Hel.
578 3335 637 3388 245.
674 3333 772 3388 Troad.
800 3334 875 3387 1113.
911 3333 991 3387 Paus.
1018 3332 1058 3385 ΙΙΙ
1083 3333 1124 3397 17,
1152 3332 1169 3384 2
1193 3349 1250 3400 sqq.
1286 3331 1393 3386 Curtius

207 3419 225 3472 l.
243 3419 262 3472 l.
280 3436 305 3487 p.
324 3422 383 3474 227.
419 3421 534 3474 Bursian
552 3422 570 3474 l.
588 3420 606 3474 1.
624 3437 650 3487 p.
669 3420 727 3474 123.

295 3521 316 3590 ²)
335 3522 374 3577 Cf.
393 3523 483 3578 Abelii
500 3524 563 3578 edit.
582 3540 607 3591 p.
627 3525 667 3577 91.

294 3624 316 3692 ³)
334 3626 375 3680 De
398 3629 536 3696 Καρνείῳ,
555 3626 625 3695 quod
642 3626 775 3694 Apollinis
793 3627 905 3694 Spartae
923 3626 974 3680 fuit
991 3641 1095 3678 sacrum
1112 3623 1314 3688 nobilissimum,
1335 3623 1393 3676 vide

208 3713 286 3765 Paus.
306 3709 414 3777 11113,
438 3714 527 3781 2sqq.
565 3711 672 3766 Curtius
689 3711 706 3764 l.
726 3713 742 3765 l.
761 3729 788 3780 p.
807 3713 864 3766 232.
902 3712 940 3764 Of.
966 3712 1045 3765 etiam
1065 3709 1269 3774 Callimachum,
1297 3710 1341 3778 qui
1367 3710 1393 3761 in

208 3800 298 3866 hymn.
316 3795 344 3850 Π
369 3798 401 3852 de
426 3799 505 3852 variis
528 3797 727 3866 cognominibus
748 3796 878 3866 Apollinis
899 3797 1029 3848 Οἰκισιοῦ
1053 3811 1111 3848 cum
1130 3795 1183 3847 alia
1201 3795 1320 3862 disputat
1338 3800 1394 3847 tum

208 3886 276 3938 haec
294 3883 328 3952 (v,
346 3885 378 3938 71
398 3883 476 3954 sqq.):

362 4001 451 4071 αὐτὰρ
470 4002 521 4072 ἐγώ
543 4009 680 4071 Καρνεῖον
699 4003 745 4071 (se.
763 4003 866 4071 καλῶ·
887 4000 948 4069 ἐμοὶ
965 3999 1108 4068 πατρώιον
1126 3996 1208 4060 odam.

366 4087 483 4157 Σπάρτη
502 4110 553 4158 τοι,
574 4094 701 4157 Knemis,
720 4087 784 4142 τόδε
802 4087 957 4155 πρώτιστον
975 4087 1101 4156 ἔδεθλον,

363 4174 493 4243 δεύτερον
511 4167 548 4230 αὖ
567 4173 653 4245 Θήρη,
671 4174 803 4241 τρίτατόν
819 4193 849 4244 ys
866 4172 917 4240 μὲν
935 4169 1005 4226 doto
1026 4171 1161 4242 Κυρήνης.

296 4297 321 4362 ⁴)
341 4296 379 4350 of.
392 4297 471 4350 Paus.
484 4295 527 4350 ΠΙ
539 4299 580 4362 18,
599 4297 683 4364 bsqq.
715 4295 964 4363 streavlpate.
995 4292 1253 4361 Athen.1vp.139.
1286 4291 1393 4348 Curtius

209 4383 227 4438 l.
245 4385 263 4438 l.
283 4401 307 4452 p.
326 4383 384 4436 247.
421 4382 536 4437 Bursian
553 4384 569 4435 l.
588 4383 604 4435 l.
625 4400 650 4450 p.
671 4383 727 4434 122.
748 4383 797 4434 129
816 4397 853 4450 sq.

1222 4465 1238 4522 6
