3214 4854
615 325 945 388 ·-rs-

378 491 459 561 ἀλλὰ
484 491 557 580 μάλ’
582 491 616 560 ot
639 490 781 579 Μήδειαν
806 494 856 560 ε’πί
879 491 1029 580 γλυκερὸς
1051 491 1146 577 λάβεν
1168 491 1277 572 δεινος·

377 594 477 664 πολλὰ
500 595 561 684 γὰρ
583 599 747 664 Αἰσονίδαο
773 593 863 687 πόλῳ
888 593 1082 682 μελεδήματ’
1106 601 1221 684 ἔγειρεν

377 705 513 766 δειδυῖαν
536 695 679 787 ταύρων
704 696 885 786 κρατερὸν
909 703 1036 785 μένος,
1062 695 1137 767 οἷσιν
1161 704 1287 786 ἔμελλεν

376 807 516 890 pitsius
539 801 681 892 ἀεικελίῃ
706 805 798 891 μοίρῃ
823 799 910 870 κατὰ
932 800 1009 870 νειὸν
1032 799 1156 890 Ἄρηος,

248 975 333 1028 etv.
359 969 434 1032 761:

377 1101 494 1192 δάκρυ
518 1103 544 1170 δ’
568 1102 621 1170 ἀπ’
645 1102 819 1194 &piramus
845 1110 921 1196 ε’λέῳ
946 1109 1013 1191 ῥέεν
1037 1113 1115 1185 κτλ,

245 1287 308 1328 neo
337 1288 401 1329 non
433 1267 589 1331 afferendi
618 1267 672 1331 hic
700 1278 774 1332 sunt
795 1278 907 1332 versus
929 1273 990 1337 451
1016 1291 1083 1354 sqq.
1108 1267 1196 1355 (cum
1219 1267 1429 1352 Argonautae

246 1368 386 1432 Aeetam
408 1369 643 1458 reliquissent):

379 1507 483 1588 αὔτως
506 1509 532 1577 δ’
557 1501 596 1577 αὖ
620 1505 746 1596 Μήδειοι
770 1515 949 1597 μετέστιχε·
972 1508 1073 1578 πολλὰ
1097 1512 1131 1576 δὲ
1153 1513 1246 1601 ἳυυμῷ

377 1609 504 1699 ὥρμαιν’
526 1611 607 1681 Γδορα
629 1611 657 1679 τ’
679 1610 825 1700 Ἔρωτες
850 1609 1050 1700 ἐποτρύνουσι
1073 1617 1238 1698 μελεσὶιαι.

377 1714 495 1803 προπρὸ
520 1716 546 1782 δ’
570 1715 609 1804 ἂρ
633 1715 807 1801 &picturis
831 1720 877 1784 ἔτι
901 1719 929 1784 οἱ
952 1715 1111 1785 ἰνδάλλετο
1136 1713 1252 1796 πάντα,

378 1817 475 1898 αὐτός
497 1819 530 1888 δ’
554 1815 617 1897 οἷος
641 1823 704 1904 ἔην,
730 1822 820 1887 οἵοισί
844 1846 878 1888 τε
902 1817 1031 1906 φάρεσιν
1057 1821 1128 1887 ἕστο
1152 1827 1229 1900 κτλ,

247 1980 332 2035 etv.
356 1975 433 2042 459:

375 2109 486 2199 τάρβει
509 2112 535 2178 δ’
560 2111 640 2199 ἀμφ’
664 2111 759 2202 αὐτῷ,
785 2111 828 2199 μή
853 2139 903 2197 μιν
928 2109 1000 2195 βόες
1021 2112 1059 2200 ἠὲ
1083 2114 1138 2181 καὶ
1163 2109 1260 2192 αὐτός

378 2211 495 2303 Αἰήτης
518 2218 661 2301 artasia
685 2213 784 2302 (adde
807 2240 838 2279 v.
862 2220 925 2284 619
948 2215 1041 2302 sqq).

330 2385 383 2448 De
414 2386 460 2448 eis
489 2395 599 2450 autem
628 2387 742 2469 rebus,
773 2410 856 2475 quae
879 2397 991 2473 postea
1013 2389 1171 2454 accidisse
1194 2389 1380 2470 traduntur,
1410 2413 1430 2454 a

244 2491 373 2554 Nasone
404 2489 473 2553 aliis
502 2489 582 2554 locis
612 2491 695 2555 aliae
717 2489 930 2578 perhibentur
953 2491 1097 2557 fabulae:
1128 2492 1162 2556 in
1185 2492 1323 2578 epistula
1346 2493 1431 2556 enim

244 2593 312 2656 XII
327 2592 456 2674 Medea,
479 2605 587 2658 utrum
609 2595 716 2660 Iasoni
739 2595 880 2659 subsidio
904 2594 989 2660 adsit
1009 2617 1124 2676 neone,
1149 2617 1259 2660 secum
1279 2605 1430 2681 reputare

244 2719 308 2761 non
332 2697 450 2762 dicitur
473 2719 578 2784 neque
600 2697 667 2763 ulla
689 2699 771 2762 fiunt
793 2698 896 2762 verba
918 2699 979 2762 nisi
1002 2697 1043 2763 de
1068 2698 1226 2784 colloquio
1250 2699 1335 2764 inter
1359 2722 1431 2763 eam

245 2811 278 2865 et
312 2823 453 2865 sororem
488 2799 616 2884 habit03
650 2801 953 2887 metamorphoseon
982 2801 1053 2866 looo
1083 2802 1213 2866 laudato
1244 2802 1334 2866 nulla
1362 2802 1430 2866 fere

244 2905 364 2968 mentio
395 2914 444 2968 est
472 2903 686 2990 Chalciopae,
717 2928 813 2991 quarn
842 2927 937 2992 opem
959 2905 1157 2989 Argonautis
1186 2906 1305 2992 petisse
1335 2917 1431 2992 poeta

243 3032 274 3071 v.
299 3011 341 3076 54
369 3007 560 3072 brevissime
588 3008 712 3072 indicat
735 3008 880 3095 (Medeaz
912 3015 1009 3072 ‘stant
1030 3031 1160 3072 mecum
1181 3019 1258 3073 vota
1281 3009 1430 3095 sororis'),

245 3110 303 3174 sed
326 3133 365 3175 ea
387 3112 562 3196 praecipue
586 3112 619 3174 in
640 3110 748 3174 medio
771 3123 951 3197 ponuntur,
982 3135 1065 3200 quae
1088 3113 1208 3177 Medea
1230 3113 1297 3178 sola
1320 3112 1360 3176 de
1383 3135 1431 3176 sae

244 3212 312 3277 luto
338 3213 446 3279 Iasoni
476 3213 643 3277 afferenda
672 3224 781 3278 mente
812 3215 958 3299 agitavit.
1004 3214 1150 3296 Quarum
1177 3228 1315 3305 utraque
1342 3215 1431 3279 fabu-

244 3316 362 3399 larum,
398 3319 458 3382 etsi
486 3317 676 3404 Apollonius
708 3341 771 3382 uno
801 3319 835 3382 in
866 3320 1007 3384 carmine
1038 3320 1226 3384 coniunctas
1255 3320 1430 3384 memoriae

243 3420 364 3506 prodit,
400 3421 492 3485 nobis
526 3431 649 3503 tamen,
683 3422 710 3485 si
740 3421 895 3486 Ovidium
928 3423 1130 3510 respicimur,
1165 3423 1305 3510 quodam
1335 3422 1429 3486 modo

245 3523 396 3588 distincte
426 3525 650 3611 percensenda
680 3535 738 3589 est.
782 3525 868 3589 Nam
897 3527 980 3590 siout
1007 3528 1042 3590 in
1068 3549 1119 3612 ep.
1144 3526 1211 3591 XII
1233 3526 1365 3609 Medea,
1395 3536 1432 3590 ut

243 3628 506 3711 Argonautarum
528 3628 667 3693 salutem
689 3629 853 3715 expediat,
876 3630 1027 3714 precibus
1050 3631 1166 3694 sororis
1181 3641 1317 3716 postque
1332 3629 1431 3714 ipsius

243 3730 366 3794 Iasonis
396 3730 583 3810 adducitur,
613 3733 659 3797 ita
689 3734 757 3797 eius
785 3733 953 3817 ingenium
981 3757 1167 3820 moresque,
1199 3755 1274 3796 cum
1302 3730 1430 3796 anullo

245 3834 306 3898 alio
323 3833 487 3899 admonita
502 3835 556 3900 vel
568 3835 738 3901 obsecrata
749 3836 928 3902 auxiliandi
941 3837 1109 3901 consilium
1122 3838 1238 3922 capiat,
1255 3836 1288 3899 in
1300 3845 1430 3899 metam.

244 3937 407 4023 aliquanto
437 3937 554 4003 clarius
584 3939 812 4026 depinguntur.
857 3940 923 4005 Sed
952 3941 1138 4028 priusquam
1168 3941 1209 4005 de
1238 3937 1301 4003 hoc
1331 3939 1431 4026 quali-

245 4063 371 4126 cunque
402 4041 587 4106 discrimine
616 4053 741 4108 certum
762 4043 903 4107 feramus
925 4044 1095 4126 iudicium,
1125 4043 1251 4128 singula
1274 4045 1300 4106 si
1322 4042 1431 4129 placet

244 4145 477 4230 perquiramus.
1308 4130 1311 4135 ¹
1369 4161 1371 4166 '

329 4265 380 4328 Ac
403 4267 542 4351 primum
566 4268 606 4332 de
631 4268 788 4354 epistulae
805 4268 872 4335 XII
894 4269 965 4334 loco
990 4269 1054 4334 huc
1074 4270 1258 4358 pertinente
1275 4266 1432 4355 disputari

243 4369 342 4440 liceat
364 4393 395 4433 v.
422 4375 462 4438 62
486 4393 568 4464 sqq:
