3242 4860
668 363 903 427 -107-—

195 529 329 615 suflicit3
359 531 497 619 alterum
526 530 643 594 afferre
673 541 770 616 poeta
791 532 895 617 potuit
917 533 992 596 satis
1015 532 1148 596 habero.
1194 531 1378 596 Secundum

193 635 389 719 primitivam
413 633 521 698 autem
544 633 638 699 huius
661 633 790 698 fabulae
813 635 965 718 formam,
988 636 1009 700 i.
1034 658 1062 699 e.
1087 634 1288 721 Cypriorum,
1313 634 1379 698 He-

196 737 300 801 cubae
323 739 481 802 somnium
504 760 523 800 a
545 727 683 820 vatibus,
706 759 772 802 non
790 737 832 802 ab
847 738 998 822 Apolline
1016 739 1204 824 explicitum
1221 760 1380 824 essecon-

195 839 306 923 cedet,
338 842 393 927 qui
422 863 519 927 quam
546 864 620 908 raro
649 841 860 927 antiquissimi
889 853 1006 927 poetae
1030 843 1131 928 epici,
1162 863 1379 930 quamsaepe

194 945 311 1030 tragici
333 945 410 1008 talia
432 945 563 1009 oracula
586 944 773 1026 adhibeant,
797 942 886 1008 haud
907 944 1045 1030 ignorat.

244 1039 248 1047 ’
280 1047 394 1133 ltaque
411 1047 565 1112 Ovidium
583 1047 775 1134 Cypriorum
795 1049 1020 1114 auctoritatam
1034 1048 1090 1113 hic
1105 1050 1196 1135 sequi
1211 1049 1380 1134 probabile

194 1154 239 1218 fit.
274 1151 428 1217 Ceterum
450 1139 501 1214 de¹
514 1151 587 1215 face
610 1173 692 1237 quae
716 1151 757 1215 ab
782 1174 820 1216 eo
844 1152 962 1216 dicitur
984 1151 1176 1216 flammifera
1196 1159 1230 1215 et
1246 1162 1381 1218 cruenta

195 1257 342 1321 conferas
358 1253 558 1320 Cassandrae
581 1255 684 1319 verba
704 1255 791 1341 apud
806 1254 946 1320 Ennium
962 1255 1053 1342 (fgm.
1069 1255 1117 1320 VI
1132 1261 1174 1325 48
1189 1255 1245 1343 R):
1267 1257 1379 1340 ‘adest

194 1360 287 1424 adest
309 1359 366 1424 fax
388 1358 541 1424 obvoluta
564 1360 719 1443 sanguine
744 1367 840 1443 atque
863 1359 1033 1441 incendio’,
1057 1369 1090 1424 et
1107 1359 1255 1424 Priamus
1278 1383 1380 1425 senex

194 1463 306 1527 vocari
321 1462 451 1526 videtur
466 1484 484 1525 e
499 1463 656 1525 memoria
670 1461 805 1548 Homeri
821 1462 875 1550 (cf.
893 1471 922 1531 N
936 1466 1008 1531 368.
1034 1471 1060 1530 Φ
1075 1455 1148 1532 526.
1164 1468 1246 1533 1125
1262 1464 1327 1552 al).
1342 1503 1381 1512 -—

282 1565 334 1630 Ob
364 1564 445 1629 illud
467 1566 578 1629 matris
601 1565 759 1629 somnium
782 1568 932 1650 quomodo
954 1567 1054 1630 Paris
1076 1569 1110 1630 air
1132 1567 1195 1630 Ida
1217 1569 1383 1653 eapost’tas‘

195 1673 252 1750 sit,
274 1669 360 1733 Naso
388 1690 452 1733 non
479 1677 589 1732 narrat
611 1691 673 1733 nec
696 1669 830 1751 scimus,
861 1669 940 1755 quid
961 1669 1083 1733 factum
1107 1691 1177 1734 esse
1199 1680 1298 1755 poeta
1319 1671 1381 1735 sibi

195 1773 336 1838 finxerit.
372 1770 468 1853 Quod
487 1794 564 1858 cum
588 1771 798 1853 desideraret,
822 1770 979 1856 Scaliger,
1003 1774 1056 1837 oui
1077 1772 1223 1859 plerique
1246 1774 1309 1836 viri
1325 1774 1379 1837 dd.

196 1877 317 1941 assensi
338 1884 421 1957 sunt,
444 1884 515 1960 post
538 1897 589 1960 op.
613 1874 691 1939 XVI
713 1881 755 1946 50
777 1899 877 1939 unum
899 1875 953 1940 vel
975 1876 1069 1960 plura
1092 1875 1239 1956 disticha,
1264 1877 1380 1961 quibus

195 1980 275 2043 illud
303 1979 502 2066 perhibitum
532 1988 631 2060 esset,
662 1977 823 2042 excidisse
852 1980 987 2066 putavit.
1032 1980 1077 2044 At
1107 1981 1245 2064 primum
1267 2001 1380 2044 versus

196 2088 236 2152 51
254 2105 311 2168 sq,
336 2105 410 2146 oum
434 2104 471 2147 eo
496 2104 557 2168 quo
582 2081 749 2146 codicibus
771 2082 942 2147 traduntur
964 2082 1035 2148 loco
1059 2082 1099 2147 de
1116 2083 1234 2149 Paride
1251 2084 1380 2168 cognito

195 2185 284 2250 nulla
305 2184 408 2250 verba
429 2184 518 2267 fiant,
542 2185 775 2249 sententiarum
791 2196 980 2251 contextum
995 2209 1094 2272 prave
1109 2187 1382 2272 interrumpentes

195 2298 267 2376 post
295 2312 326 2352 v.
350 2295 393 2359 90
414 2289 669 2375 transponendus
698 2312 768 2354 esse
790 2289 904 2354 Douza
934 2300 967 2354 et
988 2289 1123 2354 Heinsio
1149 2290 1381 2375 praeeuntibus

196 2392 276 2457 mihi
298 2393 451 2479 persuasi.
489 2392 607 2457 Verbis
623 2402 732 2456 autem
746 2394 941 2478 pentametri
956 2397 1008 2474 50,
1032 2394 1148 2480 quibus
1163 2393 1254 2458 Paris
1269 2404 1382 2458 vatum
1478 2391 1480 2397 ’

195 2517 383 2582 responsum
410 2517 530 2580 magna
557 2517 630 2560 cum
659 2496 800 2560 sollertia
822 2497 865 2561 ad
888 2496 1004 2561 amoris
1027 2498 1076 2560 sui
1099 2496 1248 2562 ardorem
1270 2497 1380 2578 refert,

197 2611 265 2664 arte
295 2601 379 2664 inter
407 2621 442 2662 se
471 2608 647 2662 nectuntur
673 2600 852 2663 sententiae
880 2624 911 2664 v.
934 2605 976 2670 45
1000 2622 1067 2686 sqq.
1092 2611 1125 2664 et
1147 2605 1188 2670 53
1212 2624 1279 2687 sqq.
1303 2601 1382 2686 opti-

196 2726 313 2790 meque
344 2702 385 2766 ad
415 2725 468 2766 eos
497 2724 611 2766 versus
640 2701 856 2784 traducimur,
887 2704 1002 2789 quibus
1029 2727 1126 2790 quam
1154 2703 1306 2767 celeriter
1327 2703 1383 2766 illa

196 2809 313 2872 amoris
334 2807 392 2870 fax
413 2807 546 2870 incensa
568 2806 617 2887 sit,
644 2805 734 2868 Paris
757 2805 905 2870 Helenae
929 2808 1042 2892 aperit.
1088 2807 1183 2888 Quod
1207 2808 1233 2870 si
1255 2816 1381 2870 rectum

197 2922 255 2992 est,
280 2911 339 2975 etsi
361 2919 490 2996 poetam
512 2909 596 2974 iusto
618 2909 751 2974 fortasse
775 2910 913 2974 celerius
929 2910 971 2974 ad
986 2934 1071 2975 nova
1084 2909 1312 2997 persequenda
1327 2909 1382 2974 hic

196 3003 346 3079 transisse
371 3013 588 3094 concedimus,
611 3012 742 3077 librario
766 3023 876 3077 tamen
900 3013 1028 3100 culpam
1050 3012 1291 3078 attribuendam
1311 3036 1380 3077 csse

195 3118 380 3204 infitiamur.
426 3116 510 3180 Vide
535 3117 632 3180 etiam
654 3105 738 3201 'quae
761 3115 898 3201 Lennep
921 3116 1014 3182 adv.
1038 3124 1081 3186 50
1103 3116 1279 3182 adnotavit.

281 3222 369 3285 Dum
398 3223 432 3284 t‘n
453 3222 533 3284 Idae
561 3221 718 3284 montibus
744 3229 908 3302 versatur,
940 3244 1036 3307 quam
1058 3220 1174 3284 fortem
1197 3243 1267 3285 sese
1289 3243 1381 3306 prae-

196 3327 322 3408 stiterit,
346 3324 436 3388 Paris
458 3332 568 3388 narrat
590 3346 620 3386 v.
645 3327 707 3393 359
730 3346 792 3409 sq.:

374 3469 488 3548 ‘paene
510 3483 593 3548 puer
616 3461 718 3525 caesis
740 3461 884 3525 abducta
907 3472 1051 3526 armenta
1073 3462 1185 3548 recepi

424 3565 570 3629 hostibus
594 3574 626 3628 et
650 3586 779 3628 causam
802 3566 939 3629 nominis
961 3565 1037 3629 inde
1061 3564 1139 3629 tuli'.

195 3705 291 3771 Hanc
314 3728 384 3770 rem
402 3726 460 3769 nos
475 3701 606 3789 quidem
620 3703 761 3789 primum
777 3703 863 3788 apud
879 3702 1028 3784 Ennium,
1054 3705 1108 3788 qui
1123 3703 1177 3767 hio
1193 3702 1382 3788 Euripidem

196 3809 437 3874 accuratissime
452 3807 594 3879 imitatus
610 3829 679 3870 esse
692 3806 822 3869 videtur
832 3807 855 3892 ¹)
867 3806 1043 3870 indicatam
1055 3807 1193 3890 legimus
1206 3806 1380 3892 (Alexand.

195 3914 272 3998 lgm.
295 3913 327 3976 V
348 3912 407 3998 R);
438 3910 496 3974 sed
524 3909 661 3973 eandem
684 3911 749 3972 iam
771 3910 806 3972 in
828 3908 956 3996 Cypriis
978 3918 1141 3973 narratam
1163 3909 1261 3973 fuisse
1286 3932 1323 3974 eo
1345 3909 1383 3974 fit

196 4016 380 4104 probabile,
412 4013 498 4101 quod
526 4022 557 4077 et
584 4023 693 4076 actum
716 4012 792 4095 fuit,
822 4021 858 4098 ut
881 4035 977 4097 supra
1000 4013 1184 4094 docuimus,
1215 4013 1317 4077 ineis
1341 4013 1381 4077 de

195 4119 313 4184 Paride
344 4119 489 4204 exposito
520 4127 554 4180 et
580 4125 656 4183 ante
681 4113 874 4201 Cypriorum
902 4121 1032 4202 poetam
1062 4128 1234 4202 utrumque
1256 4117 1382 4180 Paridis

195 4244 313 4290 nomen
335 4221 479 4288 Homero
507 4229 619 4285 notum
649 4229 727 4283 erat.
773 4220 828 4283 Ad
850 4219 933 4284 haec
956 4220 1071 4304 igitur,
1101 4220 1169 4284 sive
1193 4219 1235 4286 ad
1257 4229 1381 4310 tragoe-

196 4365 403 4374 .-.--——---

281 4431 304 4500 1)
323 4427 361 4484 Cf.
382 4429 502 4484 Ribbeck
521 4429 608 4496 ‘Traga
626 4427 700 4482 rom.⁵
720 4445 744 4495 p.
763 4429 805 4484 85.
