3242 4860
729 347 943 411 -5g-

246 521 279 575 et
301 509 478 594 Lucienus,
507 513 593 598 apud
616 535 713 598 quem
734 513 915 578 Mercurius
936 513 1051 578 Iunoni
1075 513 1225 578 Paridem
1248 513 1298 580 his
1320 514 1428 578 verbis

245 615 401 680 ostendit:
432 614 550 706 ταύτῃ,
583 609 733 703 ῶἭρα,
765 616 841 706 πρὸς
864 615 906 685 τά
929 615 1005 686 λαιά
1028 615 1224 704 περισκόπει,
1257 615 1306 703 μὴ
1331 615 1428 706 πρὸς

246 715 355 809 άκρῳ
387 723 438 811 τῷ
468 717 569 807 ῶρει,
603 719 710 808 παρά
740 717 878 808 δὲτὴν
910 717 1083 807 πλευράν
1115 720 1148 806 (ἓ
1176 722 1220 807 5).
1264 720 1428 783 Necnon

246 820 414 885 Colluthus
437 822 583 886 similiter
597 822 748 887 Paridem
770 824 803 887 in
825 822 911 887 valle
935 845 1004 887 esse
1027 822 1149 888 indicat
1164 823 1273 888 verbis
1289 822 1329 887 de
1345 821 1429 885 Mer-

246 925 334 988 curio
359 935 392 988 et
415 925 538 990 deabus
560 926 654 990 factis
678 950 708 990 v.
734 932 795 996 102
819 948 902 1012 sqq.:

398 1062 470 1152 άρτι
493 1067 549 1151 μὲν
568 1063 687 1154 Ἰδαίην
712 1060 926 1153 ὑπερέδραμον
950 1062 1056 1150 οὔρεος
1081 1061 1191 1153 άκρην,

400 1173 479 1236 &aba
501 1166 747 1255 htbeapdbapuov
771 1164 842 1237 ὑπὸ
866 1171 1048 1258 πρηῶνος
1072 1170 1230 1255 ἐρίπνην

398 1275 547 1358 κουρίζων
571 1268 698 1356 ἐνόμευε
724 1269 824 1360 Πάρις
846 1269 992 1358 πατρώια
1015 1275 1110 1357 μῆλα.

245 1406 305 1471 Oui
332 1408 511 1472 sententiae
535 1408 665 1472 minime
690 1408 797 1478 obstat
818 1432 849 1472 ν.
876 1413 947 1490 105,
971 1429 1034 1493 (μισ
1057 1408 1147 1492 regio
1170 1410 1352 1472 accuratius
1375 1408 1429 1472 de-

245 1511 410 1575 scribitur:
424 1509 553 1599 (ίίάρις)
563 1515 734 1598 ποιμαίνων
748 1511 921 1598 ε’κάτερὶδεν
936 1513 985 1579 ε’πί
997 1516 1163 1600 προχοῇσιν
1177 1511 1320 1599 ἀναύρου.
1345 1511 1427 1576 Nam

245 1636 318 1678 cum
348 1613 483 1703 άναυρος
509 1614 740 1699 intelligendus
762 1616 802 1678 sit
824 1626 965 1697 torrens,
996 1619 1165 1703 χείμαρρος
1187 1614 1331 1701 ποταμὸς
1355 1612 1370 1683 ὃ
1395 1619 1427 1696 ἐξ

245 1715 342 1786 ὑετῶν
373 1716 596 1805 συνιστάμενος
619 1717 731 1804 (schol.
755 1718 817 1803 Ap.
840 1717 902 1782 Rh.
925 1718 942 1782 I
964 1720 1011 1802 9),
1043 1741 1107 1782 non
1136 1727 1204 1781 tam
1231 1717 1271 1782 de
1294 1717 1427 1782 Xantho

245 1821 313 1883 sive
336 1819 534 1885 Scamandro
556 1821 702 1903 flumine,
733 1831 769 1885 ut
791 1821 958 1907 Lennepio
980 1821 1116 1908 placuit,
1141 1842 1236 1906 quam
1260 1820 1301 1885 de
1324 1821 1427 1884 rivulo

244 1922 401 2007 quodam,
425 1925 479 2009 qui
502 1947 520 1988 e
544 1936 652 1989 monte
675 1925 754 1989 Idae
777 1936 865 1990 ortus
887 1926 921 1988 in
943 1924 1178 1989 Scamandrum
1200 1923 1319 2005 influit,
1344 1925 1428 2008 cogi·-

244 2027 377 2090 tandum
399 2027 540 2091 videtur.
573 2027 725 2113 Denique
749 2027 1112 2093 accuratissime'locum
1129 2027 1242 2092 definit
1258 2026 1427 2092 Colluthus

243 2128 274 2192 in
300 2130 450 2194 carminis
472 2133 646 2216 prooemia,
669 2131 726 2195 ubi
747 2131 907 2218 nymphas
929 2131 1069 2196 advocat
1090 2154 1121 2194 ν.
1147 2137 1186 2199 13
1209 2153 1271 2216 sq.:

665 2269 759 2338 αὐταί
782 2269 842 2359 γὰρ
867 2269 1064 2358 ἐδηήσασῗνε
1079 2273 1231 2356 μολοῦσαι

403 2371 526 2462 Ἰδαίης
547 2371 732 2461 τρικάρηνον
756 2371 813 2443 ὑπὸ
839 2377 965 2462 πρηῶνα
989 2371 1227 2463 Φαλάκρης,

244 2509 330 2594 quod
352 2509 431 2574 Idae
455 2532 612 2574 cacumen
635 2532 705 2574 esse
728 2509 902 2575 scholiasta
924 2510 966 2574 ad
988 2511 1085 2575 Hom.
1109 2520 1135 2578 Θ
1157 2516 1198 2580 48
1223 2521 1369 2576 testatur.

328 2613 478 2678 Paridem
508 2624 616 2678 autem
647 2637 711 2678 non
737 2615 822 2679 inter
845 2637 975 2699 greges
1006 2614 1064 2678 sed
1087 2615 1189 2679 solum
1211 2615 1244 2679 in
1267 2614 1350 2678 saltu
1372 2614 1426 2678 illo

243 2717 411 2782 recondito
434 2718 556 2781 versari
580 2727 714 2803 apparet
737 2739 780 2782 ex
803 2717 865 2782 Ov.
890 2741 940 2804 ep.
964 2717 1046 2782 XVI
1068 2723 1110 2788 55
1132 2740 1195 2804 sq.:
1220 2718 1336 2806 (locus)

374 2855 439 2940 ‘qui
461 2877 522 2918 nec
546 2856 614 2919 ovis
636 2855 784 2941 placidae
807 2877 869 2919 nec
891 2857 1029 2920 amantis
1051 2879 1130 2920 saxa
1153 2855 1297 2942 capellae

480 2981 542 3022 nec
566 2959 674 3044 patulo
698 2959 811 3024 tardae
836 2960 978 3045 carpitur
1001 2983 1055 3024 ore
1078 2959 1189 3025 bovis'.

243 3095 330 3159 Huic
361 3098 556 3160 contrarium
579 3097 742 3161 Lucienus
760 3097 921 3184 exponit,
953 3099 1007 3182 qui
1036 3120 1110 3162 eum
1136 3098 1243 3162 medio
1269 3098 1303 3161 in
1325 3119 1425 3181 grege

243 3210 427 3262 versantem
449 3200 556 3284 fingit3
585 3222 660 3264 nam
682 3200 864 3264 Mercurius
886 3200 1002 3266 Iunoni
1025 3201 1124 3265 haec:
1149 3201 1204 3290 οὐχ
1226 3200 1300 3292 ὁρᾷς
1323 3205 1428 3285 βοίδια

244 3300 332 3371 κατὰ
360 3301 413 3371 τὸν
443 3302 516 3390 ε’μὸν
545 3301 656 3372 οὑτωσί
685 3303 839 3374 δάκτυλον
865 3309 901 3372 ἐκ
926 3310 1027 3391 μέσων
1050 3309 1111 3374 τῶν
1135 3308 1254 3393 πετρῶν
1277 3301 1425 3392 προερχό-

245 3431 325 3492 μενα
359 3409 416 3474 καί
448 3434 518 3475 τινα
549 3460 554 3472 .
589 3460 594 3472 .
628 3461 633 3472 .
666 3406 849 3494 ἀνείργοντα
884 3407 926 3496 μὴ
960 3406 1063 3495 πρόσω
1094 3411 1341 3477 διασκίδνασῖναι
1370 3405 1426 3492 τὴν

245 3505 369 3598 ἀγέλην.
415 3508 513 3572 Haud
543 3510 590 3573 ita
623 3532 695 3574 cum
723 3509 859 3575 Nasonis
890 3511 1073 3575 narratione
1108 3511 1309 3596 discrepant,
1343 3529 1426 3595 quae

243 3609 411 3675 Oolluthus
433 3611 534 3676 refert
554 3635 585 3676 v.
611 3618 671 3682 106
695 3634 755 3698 sq.:

243 3802 409 3856 abundantes
426 3804 498 3858 haud
515 3806 607 3874 inopes
626 3820 753 3872 aquarum
772 3821 829 3860 esse
848 3807 959 3870 soleant,
978 3806 1027 3860 Ida
1045 3807 1141 3860 dicitur
1154 3808 1235 3860 etiam
1247 3792 1358 3858 amoena
1369 3804 1426 3857 fon-

244 3887 314 3942 tibus
332 3888 391 3954 (Ov.
409 3889 469 3944 fast.
489 3889 526 3943 IV
544 3890 606 3958 ⁴249)
625 3891 667 3944 vel
685 3907 784 3958 aquosa
803 3891 875 3959 (ibid.
892 3892 931 3945 VI
949 3889 1000 3958 15.)
1021 3895 1061 3946 vel
1080 3892 1169 3946 umida
1187 3889 1259 3961 (met.
1279 3890 1305 3942 X
1324 3891 1368 3957 71)
1386 3891 1427 3944 vel

243 3975 403 4029 creberrima
420 3975 537 4030 fontibus
551 3978 621 4042 (ibid
640 3974 669 4030 ΙΙ
682 3975 743 4044 218)
756 3977 796 4030 vel
809 3976 916 4031 madida
928 3975 988 4046 (am.
1001 3976 1015 4031 I
1029 3978 1069 4044 14,
1089 3980 1128 4031 11.
1159 3977 1223 4032 Hor.
1237 3994 1257 4031 c.
1270 3974 1312 4029 ΠΙ
1326 3977 1366 4041 20,
1386 3977 1427 4030 15.

244 4059 275 4113 cf.
292 4059 369 4115 Hom.
384 4061 453 4115 Θ47
466 4063 499 4116 al.
536 4061 599 4116 Eur.
618 4063 675 4132 lph.
690 4061 720 4116 Α.
741 4063 815 4119 1284.
835 4063 904 4132 182).
934 4063 976 4118 De
987 4061 1077 4118 Idaeis
1095 4065 1178 4133 piceis
1197 4063 1257 4117 vide
1270 4063 1334 4116 Eur.
1346 4061 1427 4129 Hipp.

243 4144 311 4199 1253
334 4152 361 4199 ct
378 4147 438 4202 Hel.
456 4148 507 4201 232
530 4153 557 4202 et
576 4150 608 4204 de
626 4149 730 4203 ilicibus
749 4147 862 4203 Colluth.
882 4169 905 4204 v.
925 4152 975 4204 196
993 4156 1020 4203 et
1039 4149 1070 4204 de
1088 4147 1156 4218 fagis
1174 4149 1238 4203 ibid.
1258 4147 1315 4202 125.
1351 4146 1426 4212 Item,

244 4237 322 4300 atque
341 4233 374 4286 ab
393 4233 487 4287 Ovidio
498 4233 548 4289 Ida
566 4242 676 4290 vocatur
693 4236 747 4288 alta
765 4235 817 4303 (ep.
832 4235 912 4290 XVII
925 4235 994 4302 115),
1014 4235 1083 4304 apud
1096 4234 1241 4290 Homerum
1257 4235 1355 4302 legitur
1366 4229 1427 4301 Ἴδη

243 4312 336 4384 ὑψηλή
355 4317 471 4387 (Ξ293).
484 4320 652 4390 -Denique
670 4321 764 4386 locum,
784 4338 834 4389 quo
853 4321 961 4376 dearum
980 4327 1114 4376 certamen
1131 4321 1230 4376 factum
1248 4324 1298 4386 est,
1317 4322 1426 4374 abscon-

244 4403 328 4455 ditum
345 4403 427 4458 fuisse
446 4413 538 4475 aperte
556 4407 656 4460 indicat
675 4407 819 4477 Euripides
837 4408 896 4463 Hel.
915 4409 949 4462 23
968 4424 1006 4477 sq.
