3214 4854
232 1451 236 1460 Δ
276 1421 392 1532 Ovidii
415 1463 518 1527 fontes
534 1465 676 1550 quisquis
691 1465 942 1548 investigaturus
958 1475 1016 1545 est,
1039 1465 1138 1529 finem
1152 1466 1214 1530 sibi
1229 1467 1377 1552 proponit

193 1565 284 1630 aditu
306 1565 483 1630 difficilem.
521 1567 606 1630 Nam
628 1567 653 1631 si
676 1566 766 1630 illum
789 1578 957 1653 poetarum
973 1567 1070 1632 fuisse
1085 1569 1377 1654 ingeniosissimum

193 1672 320 1734 Seneca
334 1680 424 1733 recte
441 1671 597 1734 iudicavit
612 1671 749 1757 (quaest.
765 1682 869 1735 natur.
885 1672 935 1735 IlI
951 1677 1002 1752 27,
1028 1672 1091 1758 13),
1116 1672 1377 1736 contendendum

194 1784 242 1838 est
265 1795 340 1836 eum
362 1796 427 1859 qua
450 1783 520 1838 erat
535 1773 633 1836 animi
650 1773 916 1860 cogitationisque
932 1776 965 1839 vi
981 1797 1019 1838 ac
1036 1775 1202 1838 celeritate
1220 1775 1377 1860 exemplis

171 1901 257 1942 'non
286 1886 453 1961 tantopere
482 1899 553 1941 sese
583 1877 806 1958 adminuisse,
838 1887 873 1940 ut
904 1900 1015 1942 eorum
1042 1878 1187 1942 aemulus
1217 1879 1303 1942 omui
1334 1900 1377 1942 ex

193 1991 284 2068 parto
252 1980 439 2044 dticeret
426 1989 492 2061 tur,
523 1979 582 2044 sed
608 1980 712 2065 potius
735 2003 788 2043 ma
789 1981 905 2044 teriam
928 1981 969 2047 ab
992 1981 1062 2045 aliis
1085 1992 1254 2067 acceptam
1277 1982 1321 2044 ita
1344 1981 1387 2066 in¹

192 2107 285 2148 usum
301 2095 394 2146 'suum
410 2093 544 2148 convert
545 2083 663 2163 isso‚u
663 2083 783 2169 tquasi
797 2106 915 2148 novam
932 2093 1067 2147 crearet
1078 2083 1102 2169 ¹)
1137 2083 1280 2148 Miramt
1268 2093 1377 2148 tamen
1460 2101 1463 2108 ·

193 2187 301 2250 hanc'
293 2187 413 2270 ingenii
406 2186 562 2250 facilitat
549 2196 616 2250 tem
630 2185 746 2250 clarius
759 2186 909 2250 elucere'
901 2188 992 2250 imita
973 2189 1178 2273 ationemque
1190 2187 1377 2251 liberiorem

193 2313 349 2377 apparere
367 2313 384 2353 θ
401 2289 608 2370 carminibus,
630 2312 713 2375 quae
729 2300 836 2354 aetate
854 2290 1060 2355 corroborata
1076 2291 1264 2378 composuit,
1280 2313 1377 2376 quam

193 2418 235 2458 ex
259 2395 315 2477 eie,
339 2417 421 2480 quae
445 2392 636 2458 adulescens
658 2394 791 2479 pepigit,
813 2394 1033 2480 unusquisque
1057 2394 1225 2459 concedat.
1262 2393 1375 2480 Itaque

193 2521 267 2561 cum
289 2495 566 2583 metamorphoses
585 2494 673 2559 haud
690 2496 788 2559 dubie
804 2496 1073 2582 perfectissimum
1089 2499 1157 2562 eius
1172 2520 1289 2584 poema
1303 2497 1375 2578 sint,

192 2623 256 2664 non
278 2610 344 2664 tam
367 2599 408 2664 de
432 2599 579 2664 omnibus
603 2599 768 2684 operibus,
802 2601 899 2686 quani
927 2601 967 2664 de
990 2601 1302 2687 metamorphosibus
1324 2623 1377 2685 po·

192 2705 349 2766 tissimum
378 2689 515 2787 intelligi
541 2703 640 2766 velim
663 2702 782 2767 Rohdii
805 2702 920 2768 verba:
951 2702 1034 2766 ‘Wir
1057 2713 1185 2769 mussan
1207 2702 1375 2788 gestehen,

192 2805 265 2870 dass
295 2806 377 2870 iiber
407 2807 460 2870 die
487 2805 681 2870 wirkliohen
705 2806 845 2886 Quellen
873 2805 930 2870 des
953 2805 1056 2889 Ovid,
1087 2809 1183 2871 sowie
1206 2807 1290 2871 iiber
1312 2805 1376 2869 den

192 2909 283 2974 Grad
314 2908 372 2972 der
396 2909 673 2995 Selbst'andigkeit
703 2911 736 2974 in
759 2910 866 2974 seiner
887 2909 1104 2994 Behandlung
1127 2909 1186 2974 der
1209 2909 1377 2974 einzelnen

190 3012 329 3094 Fabeln,
358 3035 476 3076 unsere
499 3012 560 3076 Mit
561 3013 605 3078 tel
627 3037 686 3078 uns
709 3013 809 3076 haum
831 3013 948 3097 irgend
971 3014 1023 3077 ein
1046 3014 1118 3078 best
1119 3014 1211 3110 immt
1198 3022 1246 3077 tes
1270 3013 1331 3078 Urt
1334 3013 1375 3077 eil

191 3116 355 3180 erlauben'
379 3117 422 3202 (p.
449 3120 508 3184 127
533 3117 675 3202 adul).

277 3219 487 3284 Adulescent
465 3228 506 3283 tls
542 3229 651 3284 autem
688 3221 773 3284 inter
807 3221 950 3285 carmina
983 3219 1186 3306 praecellunt
1219 3220 1301 3306 epist
1288 3219 1376 3283 tulae

191 3323 402 3411 (heroidum),
433 3323 583 3410 quibus,
598 3347 672 3386 cum
702 3324 848 3407 singulae
876 3336 946 3389 cert
947 3325 973 3388 is
934 3323 1113 3389 tfabulis
1136 3332 1261 3408 superst
1263 3330 1335 3386 ruet
1337 3344 1375 3385 ae

190 3428 269 3508 sint,
299 3438 396 3512 poeta
417 3438 453 3491 ut
474 3437 606 3512 praeter
634 3437 738 3490 artem
760 3427 957 3492 rhetoricam
981 3428 1078 3491 etiam
1102 3427 1283 3491 doctrinam
1304 3447 1376 3511 pro-

190 3530 291 3595 ferret
323 3540 488 3618 tamquam
520 3530 674 3594 invitatus
709 3539 766 3594 est.
822 3529 864 3594 Et
898 3531 1046 3615 contigit,
1080 3540 1116 3594 ut
1148 3529 1376 3617 plerarumque

193 3633 401 3719 epistularum
431 3634 535 3698 fontes
564 3634 784 3718 aperirentur:
815 3633 951 3698 Homeri
980 3634 1126 3718 vestigiis
1148 3633 1234 3698 Naso
1261 3633 1376 3696 insistit

190 3737 223 3798 in
253 3758 302 3821 ep.
332 3736 349 3801 Ι
379 3748 411 3801 θι
444 3737 494 3801 ΙΠ
524 3736 728 3823 (Heius.)⁹);
765 3735 1006 3822 tragoediarum
1040 3759 1114 3800 oum
1147 3735 1314 3823 Sophoclis
1344 3746 1376 3799 et
1402 3738 1407 3747 ’

189 3839 363 3925 Aeschyli,
398 3829 466 3905 tum
499 3839 663 3926 Euripidis
697 3840 752 3928 (cf.
775 3841 890 3906 Rohde
920 3863 951 3926 p.
977 3842 1051 3926 128)
1086 3862 1182 3926 quam
1216 3838 1376 3904 studiosus

278 4065 299 4132 ¹)
318 4065 389 4118 ‘Man
414 4066 560 4134 tiberzeugt
585 4067 640 4120 sich
664 4066 757 4130 leicht‚
783 4066 845 4119 dass
867 4065 935 4120 Ovid
960 4064 1003 4118 die
1027 4063 1093 4119 freic
1115 4064 1266 4133 Bcwegung
1290 4065 1377 4118 seiner

190 4151 395 4218 reichhegabtcn
408 4151 494 4205 Natur
512 4152 594 4206 durch
613 4153 655 4206 die
669 4153 772 4206 Manier
791 4153 878 4206 seiner
890 4150 1031 4205 Vorbilder
1048 4152 1179 4205 durchaus
1191 4151 1264 4205 nicht
1277 4150 1376 4206 biuden

190 4237 273 4291 lasst?
309 4237 403 4290 Rohde
422 4237 487 4291 ‘Der
504 4239 603 4306 griech.
618 4238 726 4298 Rornan'
746 4255 770 4306 p.
790 4239 844 4290 mo.

276 4321 297 4390 2)
309 4321 349 4376 Ct'.
356 4323 378 4374 T
380 4323 487 4376 olkiehn
499 4326 689 4392 ‘quaestionum
699 4325 732 4377 ad
742 4325 865 4378 heroides
873 4323 1017 4376 Ovidiauas
1027 4325 1203 4392 spectantium
1213 4320 1375 4391 rapitaVIl',

192 4409 255 4462 diss
274 4406 423 4478 Regimont.
444 4410 511 4463 1888
528 4426 554 4478 p.
567 4411 600 4465 57
611 4427 665 4479 sqq.
685 4416 712 4463 et
729 4409 763 4463 48
772 4427 827 4479 sqq.
