3242 4860
680 295 897 358 ..ῃ-

193 460 271 523 rivis
302 443 484 543 irrigandas
515 470 599 524 esset
621 483 834 525 romanorum.
880 461 966 524 Num
988 483 1066 525 vero
1090 461 1201 526 Ovidii
1224 463 1379 548 epistulae

195 564 225 625 ei
247 573 342 627 notae
365 563 494 645 fuerint,
518 563 659 628 dubitari
682 572 796 649 petest.

281 665 376 744 Quod
397 665 421 730 si
438 666 483 729 ita
498 687 568 730 sese
584 665 694 743 habet,
717 667 945 748 narrationem,
970 666 1021 730 cui
1038 667 1200 732 Lucianus
1216 669 1380 754 dialogum
1402 651 1403 655 Ἰ

194 755 425 856 superstruxit,
450 791 493 831 ex
516 769 641 849 eodem,
666 791 728 854 quo
752 769 922 834 Oolluthus
945 794 1021 834 usus
1044 781 1101 852 ost,
1126 772 1304 858 exemplari
1326 795 1380 858 pe-

194 873 285 936 titam
309 895 378 936 esse
402 871 472 935 iure
495 881 671 936 statuamus
694 871 914 936 alexandrino.
954 871 1020 938 Sed
1038 873 1145 960 altera
1159 872 1224 938 huc
1240 876 1381 960 pertinet

194 976 406 1039 ratiocinatio.
451 975 533 1039 Inde
564 976 649 1040 enim
679 975 719 1062 ab
742 974 906 1062 Euripidis
933 987 1042 1042 aetate
1066 978 1198 1062 eiusque
1222 978 1380 1064 exemplis

195 1088 370 1142 commotos
403 1079 645 1163 tragoediarum
679 1079 850 1164 scriptores
883 1081 1000 1144 iterum
1034 1081 1214 1167 iterumque
1244 1081 1379 1163 fabulae,

195 1204 329 1266 quarum
345 1191 538 1266 argumenta
553 1181 709 1246 amatoria
723 1191 805 1264 sunt,
824 1181 950 1247 dedisse
969 1193 1101 1265 constat,
1119 1183 1271 1270 idemque
1287 1207 1380 1269 argu-

195 1295 376 1350 mentorum
411 1307 513 1368 genus
543 1285 674 1349 comicis
704 1306 830 1369 quoque
859 1287 930 1350 usui
960 1287 1056 1351 firisse
1086 1309 1144 1372 per
1173 1309 1207 1350 se
1236 1299 1379 1372 apparet.

195 1389 356 1474 Tempore
387 1399 494 1452 autem
521 1388 751 1474 progrediente
780 1410 854 1452 cum
877 1389 1041 1454 deverbiis
1064 1391 1187 1454 omissis
1208 1390 1380 1456 histriones

194 1491 275 1556 nihil
297 1492 358 1555 nisi
380 1501 490 1576 gestus
513 1501 648 1575 agentes
670 1489 915 1573 inducerentur,
940 1494 1043 1558 evasit
1066 1493 1120 1578 qui
1143 1493 1262 1557 dicitur
1282 1499 1380 1579 pan-

196 1596 399 1675 tomimus,
430 1594 472 1658 ad
502 1616 598 1680 quern
628 1593 864 1658 conficiendum
897 1618 914 1658 e
943 1597 1048 1681 poesis
1071 1597 1240 1660 scaenicae
1264 1596 1381 1660 fabulis

196 1721 270 1761 cum
293 1697 375 1761 aliae
399 1709 467 1762 tum
490 1697 665 1761 amatoriae
689 1696 838 1761 adhiberi
861 1697 1016 1763 solebant.
1055 1699 1168 1785 Itaque
1193 1700 1322 1782 accidit,
1346 1710 1381 1763 ut

197 1802 265 1865 eius
289 1823 415 1887 quoque
439 1800 579 1881 fabulae,
605 1822 687 1886 quae
712 1811 760 1864 est
783 1800 824 1863 de
840 1800 964 1865 Paridis
988 1813 1021 1866 et
1035 1801 1184 1866 Helenae
1208 1802 1403 1892 amoribus„

195 1913 303 1990 partes
336 1904 505 1969 saltatione
539 1912 869 1989 repraesentarentur.
927 1904 1071 1985 Quarum
1105 1905 1268 1971 Lucianus
1301 1907 1380 1992 ipso,

197 2008 250 2072 cui
271 2007 426 2094 pleraque
449 2007 517 2072 fere
541 2030 623 2092 quae
647 2006 688 2070 de
711 2009 906 2092 pantomimo
927 2008 1019 2072 nobis
1034 2019 1109 2071 nota
1125 2018 1198 2072 sunt
1213 2008 1380 2091 debemus,

195 2113 229 2174 in
261 2111 364 2175 libelli
394 2113 463 2200 περὶ
496 2109 653 2199 ὀρχήσεως
684 2112 858 2197 conscripti
888 2113 992 2196 capite
1023 2115 1065 2180 45
1094 2109 1153 2175 has
1182 2112 1292 2176 affert:
1328 2112 1380 2180 τὸν
1434 2185 1437 2192 ,

199 2214 337 2303 Πάριδος
367 2214 507 2299 &stropho
537 2215 593 2285 καὶ
621 2212 678 2301 τὴν
704 2211 839 2304 Ἑλένης
870 2213 1014 2303 ἁρπαγὴν
1043 2213 1126 2303 μετὰ
1149 2214 1219 2303 τὴν
1245 2217 1308 2284 ἐπὶ
1331 2221 1381 2306 τῷ

198 2317 305 2409 μήλῳ
337 2323 485 2406 κρίσιν,
509 2355 552 2364 -
574 2321 735 2405 νομιστέον
766 2316 825 2405 γὰρ
856 2323 895 2408 τῇ
920 2321 1144 2408 Σπαρτιατικῇ
1175 2321 1297 2409 ἱστορίᾳ
1325 2319 1381 2386 καὶ

196 2421 254 2510 τὴν
279 2419 423 2508 τ’[λιακὴν
448 2425 619 2506 sordebat,
644 2419 759 2507 πολλὴν
785 2413 878 2488 οὖσαν
902 2421 958 2488 καὶ
981 2417 1231 2506 πολυπρόσωπον.
1245 2425 1268 2503 ¹)

283 2522 375 2604 Quae
406 2543 479 2586 cum
509 2523 554 2586 ita
580 2523 657 2603 sint,
687 2522 868 2586 Lucianum
892 2523 924 2584 in
946 2522 1000 2587 illo
1024 2522 1158 2586 deorum
1181 2522 1381 2606 dialogorum

198 2628 304 2713 capite
327 2628 396 2707 XX,
421 2627 508 2714 quod
530 2626 717 2690 inscribitur
738 2631 821 2693 ἳιεῶν
846 2631 954 2713 κρίσις,
981 2625 1203 2711 componendo
1226 2627 1379 2711 pantomi-

198 2754 298 2812 mum,
334 2753 395 2816 quo
427 2740 591 2794 certarnen
621 2727 754 2793 dearum
783 2728 973 2813 Paridisque
1003 2728 1156 2792 iudicium
1185 2739 1292 2792 actum
1324 2739 1381 2810 est,

197 2843 272 2900 ante
295 2833 405 2899 oculos
427 2833 594 2913 habuisse,
618 2831 739 2916 dialogi
762 2822 950 2896 conteritum
974 2853 1016 2895 ex
1038 2832 1217 2896 imitatione
1241 2831 1382 2918 exempli

197 2936 402 3005 alexandrini
431 2938 464 3000 in
492 2936 680 3000 universum
711 2934 892 2998 condidisse
922 2935 977 3020 qui
1000 2957 1128 2998 mecum
1150 2935 1263 3017 sentit,
1294 2935 1383 3000 haud

197 3041 317 3125 exigua
338 3040 410 3105 veri
432 3040 539 3126 specie
556 3039 746 3125 suspicetur.
782 3036 874 3117 Quae
891 3038 1078 3102 coniectura
1092 3039 1200 3102 nescio
1217 3061 1259 3102 an
1274 3037 1381 3124 paullo

197 3145 237 3208 sit
259 3142 457 3230 probabilior
479 3164 575 3227 quam
598 3141 782 3222 Welckeri,
807 3141 861 3227 qui
884 3140 1064 3204 Lucianum
1087 3139 1261 3226 imagin‘bm
1285 3164 1382 3228 quan·

198 3247 271 3313 dam
301 3247 482 3332 respexisse
514 3247 677 3310 existimat
687 3251 725 3329 2);
757 3244 842 3330 quod
871 3254 980 3307 tamen
1006 3253 1137 3329 praeter
1158 3243 1239 3307 illud
1262 3244 1381 3308 factum

197 3374 266 3416 esse
297 3351 394 3414 certis
422 3349 600 3414 rationibus
629 3350 742 3433 negari
764 3370 841 3411 sane
864 3349 985 3434 nequit.
995 3352 1018 3426 ³)
1064 3346 1117 3410 Sic
1141 3356 1249 3411 autem
1273 3347 1383 3412 discri-

197 3455 293 3536 mina,
318 3475 400 3539 quae
423 3454 507 3517 inter
523 3450 666 3517 Colluthi
690 3462 721 3515 et
737 3451 873 3514 Luciani
895 3450 1096 3515 narrationes
1119 3449 1267 3514 videmus
1286 3451 1382 3514 inter-

198 3557 327 3639 cedere,
351 3557 442 3622 velut
465 3556 551 3642 quod
575 3555 660 3641 apud
682 3554 769 3618 hunc
792 3552 947 3618 nonnulla
970 3554 1128 3646 copiosius
1151 3562 1289 3617 tractata
1304 3554 1383 3638 legi-

197 3683 278 3743 mus,
301 3661 421 3746 optime
445 3659 603 3746 explicari
624 3666 712 3743 puto.

285 3920 306 3986 1)
323 3920 365 3974 De
387 3921 429 3973 his
451 3919 528 3973 rebus
554 3920 630 3973 modo
653 3919 781 3987 expositis
807 3935 949 3985 earumque
971 3917 1130 3971 testimoniis
1153 3914 1212 3969 vide
1235 3915 1271 3968 sis
1290 3914 1383 3969 ¹Rohde

197 4022 224 4074 p.
244 4006 277 4058 35
296 4022 352 4074 sqq.

284 4090 306 4157 ²)
324 4090 422 4153 Annali
439 4090 456 4142 I.
476 4091 491 4144 l.
510 4108 536 4159 p.
556 4093 607 4144 148
625 4093 686 4146 adn.
705 4093 729 4144 2.

284 4175 306 4243 3)
326 4177 450 4232 Ceterum
477 4174 624 4230 Lucianum
651 4177 731 4231 etiam
758 4176 907 4230 comoedias
935 4175 1053 4242 cognitas
1080 4173 1204 4226 habuisse
1232 4188 1265 4226 ex
1293 4173 1384 4241 eisque

198 4264 329 4334 quaedam
347 4264 477 4318 delibasse
494 4269 580 4330 patet:
601 4263 631 4316 cf.
646 4262 762 4316 Rabaste
782 4262 853 4331 ‘quid
872 4262 978 4315 comicis
997 4259 1118 4314 debuerit
1130 4258 1280 4321 Lucianns',
1300 4259 1383 4312 Paris

202 4351 276 4405 1866.
311 4351 387 4404 Kock
405 4351 433 4405 in
451 4351 519 4406 Mus.
539 4352 623 4405 Rhen.
643 4349 693 4402 voi.
712 4346 803 4402 XLIII
821 4365 846 4416 p.
865 4349 898 4401 29
917 4363 972 4415 sqq.
