3214 4854
671 330 886 393 ...33-

318 499 440 563 doceat·
464 497 492 563 οἳ
516 500 552 564 δέ
575 521 608 564 σε
633 494 736 584 πάγχυ
759 493 846 564 “sedo
871 494 919 576 ὧς
941 503 1224 585 πορσανέουσιν,

319 595 433 668 οὕνεκα
455 601 516 668 τῶν
540 599 596 684 μὲν
618 605 732 679 παῖδες
755 595 924 688 ὑπότροποι
948 600 1050 668 οἴκαδ’
1072 603 1178 670 ἵκοντο

318 705 357 792 σῇ
381 705 477 792 βουλῇ
500 709 568 770 κτλ.

317 801 518 892 ἡμέτερον
543 806 583 872 δὲ
606 809 725 892 λέχος
746 805 911 894 ἳιαλοὶμοις
934 813 977 877 ἔνι
999 812 1194 897 κουριδίοσοιν

317 913 563 995 πορσυνέεις.
584 945 628 956 -

274 1047 340 1112 Sed
353 1047 388 1110 in
404 1067 452 1127 eo,
476 1045 563 1130 quod
579 1047 776 1130 argumentis
792 1048 939 1112 omnibus
956 1049 1199 1136 circumspectis
1214 1051 1373 1136 perficere

186 1152 325 1217 Medeae
362 1148 578 1214 deliberatum
613 1159 677 1230 est,
711 1149 900 1236 Apollonius
930 1161 962 1216 et
992 1150 1128 1217 Ovidius
1156 1165 1310 1219 —certe
1340 1155 1374 1218 in

187 1265 317 1320 metam.
340 1253 524 1318 narratione
546 1291 589 1299 —-
605 1252 690 1316 inter
712 1275 782 1317 sese
807 1253 1007 1340 discrepant:
1030 1256 1085 1319 ille
1110 1259 1196 1321 enim
1211 1257 1373 1339 Medeam,

187 1361 265 1448 quid
299 1359 406 1445 capiat
435 1355 576 1438 consilii,
596 1357 700 1454 Ninitio
730 1358 890 1438 incertam
920 1369 1016 1444 atque
1047 1369 1083 1423 ut
1113 1383 1153 1424 ea
1180 1363 1250 1447 ipsa
1278 1372 1373 1426 nocte

186 1473 324 1528 mortem
346 1461 444 1528 obeat
466 1469 645 1545 optantem,
673 1470 744 1546 post
766 1471 802 1523 ut
823 1462 933 1526 iuveni
956 1464 1151 1528 amatissimo
1175 1487 1269 1551 opem
1293 1465 1374 1530 salu-

188 1577 318 1652 temque
341 1572 493 1650 praestet,
517 1562 559 1626 ab
575 1562 698 1627 Iunone
721 1564 846 1628 moneri
865 1565 1033 1651 aptissime
1057 1589 1100 1630 ex
1120 1568 1285 1652 epicorum
1300 1591 1374 1654 poe-

188 1682 293 1736 tarum
322 1690 411 1732 more
442 1666 550 1750 fingit3
581 1667 668 1752 apud
690 1666 778 1731 hunc
800 1667 922 1753 puella,
949 1678 986 1732 ut
1007 1671 1125 1734 amoris
1146 1671 1305 1735 monitum
1327 1695 1374 1735 se-

188 1783 315 1861 quatur,
339 1796 359 1836 a
381 1794 415 1835 se
438 1771 613 1856 impetrare
635 1793 701 1834 non
722 1780 838 1856 potest,
861 1771 919 1835 sed
940 1773 1015 1857 quia
1030 1773 1144 1837 Iasone
1165 1773 1249 1838 clam
1265 1775 1373 1838 adiuto

189 1882 226 1940 et'
244 1883 434 1940 conservato
458 1873 548 1936 nefas
566 1873 764 1960 impiumque
781 1875 905 1938 crimen
920 1876 1075 1940 adversus
1090 1887 1242 1963 parentes
1257 1859 1374 1942 inscios

188 2003 221 2044 se
252 1987 482 2065 concepturam
496 2051 497 2055 ρ
512 2000 581 2042 esse
610 1978 670 2042 sibi
692 1979 865 2063 persuasit,
895 1981 1011 2044 amoris
1033 1980 1199 2046 voluntate
1223 2003 1375 2069 oppressa

189 2084 230 2147 de
254 2093 371 2148 conatu
395 2082 533 2167 denique
559 2081 683 2146 desistit
705 2080 755 2145 his
778 2083 888 2147 verbis
911 2083 955 2169 (v.
980 2089 1021 2153 to
1044 2085 1120 2171 sq.):

755 2204 842 2290 ‘quin
864 2205 983 2290 aspice,
1007 2215 1162 2290 quantum

319 2307 512 2392 aggrediare
536 2307 637 2388 nefas,
661 2315 695 2370 et
718 2307 795 2371 dum
817 2306 895 2372 licet
918 2307 1024 2392 effuge
1049 2309 1190 2390 crimen',

187 2445 303 2532 quibus
326 2456 424 2532 poeta
445 2446 588 2510 suaviter
610 2445 693 2510 haec
717 2446 821 2510 addit:

318 2565 412 2630 ‘dixit
435 2575 565 2630 etanta
588 2567 697 2632 oculos
721 2577 847 2631 rectum
868 2568 1035 2653 pietasque
1058 2567 1226 2654 pudorque

318 2671 538 2750 const'terant,
563 2680 595 2732 ct
617 2670 705 2734 victa
728 2670 827 2735 dabat
848 2672 912 2734 iam
935 2681 1030 2755 terga
1052 2671 1197 2757 Cupido'.

188 2809 280 2888 Quae
313 2831 387 2872 cum
415 2808 461 2871 ita
491 2807 568 2889 sint,
602 2806 689 2894 quod
715 2807 835 2872 Medea
856 2808 1004 2872 Iasonem
1030 2819 1142 2895 postea
1168 2811 1203 2873 in
1225 2809 1372 2873 Hecatae

186 2913 268 2978 silva
291 2911 451 2992 convenit,
476 2910 562 2997 apud
578 2909 734 2975 Ovidium
756 2912 790 2975 in
812 2923 943 2976 metam.
959 2911 1030 2999 plus
1046 2912 1156 2976 valere
1171 2922 1262 2999 patet
1277 2936 1373 2998 quam

187 3017 274 3102 apud
295 3014 549 3102 Apollonium.1)
594 3013 743 3100 Namque
772 3025 841 3080 tum
871 3017 1016 3098 demum,
1048 3038 1122 3079 cum
1149 3016 1302 3080 iuvenem
1328 3018 1373 3081 in-

186 3130 316 3184 tueatur
343 3129 562 3206 praesentem,
592 3141 676 3182 novo
707 3119 775 3182 eius
806 3130 839 3184 et
867 3119 1126 3184 vehementiore
1142 3142 1251 3185 amore
1278 3132 1374 3207 capta

186 3223 449 3310 supplicibusque
472 3221 581 3286 verbis
605 3231 765 3286 commota
784 3223 977 3287 sententiam
993 3223 1144 3288 celeriter
1158 3234 1262 3288 mutat
1278 3225 1372 3310 eique

186 3349 257 3391 sese
281 3326 465 3390 adiuturam
489 3347 557 3390 esse
580 3326 747 3411 promittit.
792 3323 913 3390 Contra
934 3326 968 3389 in
991 3326 1128 3414 epistula
1150 3326 1231 3410 XII,
1254 3327 1373 3413 inqua

186 3441 317 3517 poetam
338 3429 442 3513 magis
465 3428 506 3492 ab
529 3427 693 3514 Apollonii
714 3429 860 3515 partibus
883 3438 967 3492 stare
990 3430 1153 3512 videmus,
1182 3451 1234 3492 res
1257 3430 1372 3496 eadem

187 3535 232 3598 sic
257 3533 439 3621 exponitur,
462 3540 498 3596 ut
521 3533 690 3596 consilium
713 3531 867 3597 aMedea
888 3533 953 3596 iam
977 3543 1051 3597 ante
1074 3533 1189 3596 initum
1213 3533 1371 3620 colloquio

188 3661 262 3701 cum
281 3637 396 3702 Iasone
420 3635 532 3700 habito
556 3635 776 3700 confirmetur.
810 3637 925 3722 Itaque
948 3658 1022 3699 cum
1037 3636 1176 3700 Medeae
1195 3636 1371 3719 ingenium,

188 3739 282 3826 quale
297 3742 331 3804 in
345 3749 477 3802 metam.
494 3739 688 3824 explicatur,
711 3739 811 3802 multo
828 3749 983 3825 appareat
998 3738 1237 3827 τραγικώτερον,
1256 3740 1372 3803 mirum

175 3844 330 3926 ridetur,
362 3841 449 3928 quod
478 3852 574 3928 poeta
602 3843 636 3905 in
666 3841 804 3928 epistula
833 3865 896 3906 non
924 3841 1012 3906 idem
1042 3841 1146 3905 finxit.
1190 3839 1320 3905 Etenim
1346 3845 1373 3906 si

186 3946 307 4010 Medea
335 3947 432 4010 etiam
455 3946 488 4008 in
511 3945 574 4009 hac
595 3945 748 4032 precibus
771 3945 886 4010 sororis
909 3946 1143 4031 praetermissis
1165 3946 1281 4008 amoris
1304 3955 1372 4010 tan-

277 4135 295 4206 ¹)
317 4135 374 4190 Nec
398 4140 488 4189 tamen
507 4135 628 4202 Ovidius,
654 4138 704 4190 etsi
728 4137 777 4190 hoc
799 4138 923 4202 mutavit,
947 4137 1058 4190 Medeae
1081 4151 1167 4189 mores
1186 4135 1253 4188 alios
1272 4134 1372 4202 effingit

186 4230 265 4291 atquc
285 4221 453 4290 Apollonius,
478 4223 523 4288 qui
545 4228 573 4276 et
595 4223 652 4291 ipse
674 4222 790 4290 puellam
807 4223 984 4276 haesitantem
1002 4223 1162 4290 minimeque
1180 4220 1214 4273 ad
1232 4226 1371 4288 parentum

186 4311 315 4378 pietatem
332 4307 490 4360 laedendam
506 4323 668 4376 propensam
686 4309 757 4362 facit.
794 4309 833 4361 Cf.
852 4325 919 4375 quac
938 4307 970 4359 de
989 4306 1123 4375 Apollonii
1140 4307 1236 4360 Medea
1254 4307 1371 4374 disputat

188 4395 324 4448 Wcirhcrt
343 4383 424 4448 ‘llber
442 4391 533 4446 Leben
552 4393 605 4445 und
624 4394 739 4446 Gedicht
758 4395 803 4447 des
823 4393 873 4461 Ap.
894 4411 916 4446 v.
936 4393 994 4452 Ru’
1014 4411 1040 4460 p.
1059 4393 1109 4445 354
1128 4410 1165 4460 sq.

1201 4479 1217 4530 3
