3214 4854
661 367 705 376 -
749 334 787 397 31
835 367 873 377 »-

179 511 211 566 et
233 501 320 587 apud
343 457 405 565 Or.
429 525 460 565 v.
485 507 525 569 19
548 523 630 587 sqq:

333 621 401 685 ‘sed
424 631 540 706 gravat
561 622 696 686 invitam
718 644 802 686 nova
824 621 883 685 vis,
908 619 1059 706 aliudque
1083 619 1210 705 cupido,

332 747 423 790 mens
446 724 534 788 aliud
557 724 681 790 suadet.
705 725 801 790 video
823 724 957 789 meliora
979 722 1144 810 proboque

332 827 494 905 deteriora
517 827 652 914 sequor’.

178 949 308 1013 Deinde
333 949 373 1012 de
396 958 519 1013 terrore
543 957 576 1012 et
599 949 639 1012 de
663 947 795 1035 nuptiis,
819 971 898 1035 quae
921 970 995 1011 oum
1018 947 1132 1012 Iasone
1155 971 1189 1012 se
1212 948 1364 1013 inituram

180 1061 392 1139 esse'sperat,
416 1051 495 1116 dioit
517 1052 579 1139 Ap.
603 1076 634 1116 v.
658 1057 721 1121 637
744 1075 826 1138 sqq:

334 1178 446 1254 δείδια,
472 1172 515 1262 μὴ
540 1178 624 1260 μέγα
648 1170 686 1262 δή
710 1201 740 1242 τι
763 1179 844 1262 φέρῃ
869 1171 969 1241 κακὸν
992 1172 1049 1260 ἥδε
1073 1177 1230 1252 attestor

334 1273 451 1364 ἡρώων.
474 1280 544 1364 περί
568 1303 620 1363 μοι
644 1277 748 1369 ξείνῳ
774 1280 885 1364 φρένες
906 1275 1104 1364 ἠερέίιονται.

335 1378 468 1466 μνοίσῖιω
494 1377 542 1446 έδν
565 1377 653 1448 κατὰ
677 1383 774 1468 δῆμον
792 1378 945 1467 Ἀχαιίδα
968 1378 1082 1465 τηλὸἶιι
1104 1377 1231 1468 κούρην·

334 1480 419 1570 ἀμμι
442 1485 476 1550 δέ
500 1485 654 1571 παρὶλενίη
678 1510 714 1550 τε
738 1487 827 1569 μέλοι
850 1484 905 1550 καί
929 1487 1021 1570 δῶμα
1043 1480 1178 1570 τοκήων,

182 1630 215 1685 et
237 1619 300 1686 Ov.
323 1644 354 1684 v.
380 1625 419 1689 16
443 1643 506 1708 sq.:

645 1711 738 1792 ‘quae
761 1707 842 1770 tanti
866 1729 963 1770 eausa
986 1707 1132 1770 timoris?

335 1817 454 1874 excute
476 1809 623 1892 virgineo
647 1820 820 1896 oonoeptas
842 1819 974 1897 pectore
997 1810 1161 1891 flammas,

184 1959 217 2012 et
238 1973 270 2012 v.
293 1955 333 2017 21
358 1972 420 2035 sq.:

645 2033 733 2120 ‘quid
755 2034 788 2097 in
811 2033 977 2120 hospite,
1001 2035 1092 2118 regia
1114 2035 1216 2118 virgo,

334 2139 438 2203 ureris
461 2148 494 2202 et
515 2138 673 2205 thalamos
697 2138 794 2202 alieni
817 2139 961 2225 oonoipis
984 2138 1102 2203 orbis‘l'

183 2259 331 2323 Tumt
295 2269 331 2322 ut
360 2270 484 2324 amatus
515 2283 532 2324 e
563 2259 741 2323 certamine
769 2258 949 2344 periculoso
977 2281 1085 2345 sospes
1109 2258 1268 2341 discedat,
1297 2260 1368 2345 ipsa

183 2363 314 2427 efficere
337 2350 408 2427 vult
429 2363 491 2448 Ap.
515 2387 546 2427 ν
571 2369 633 2432 786
656 2386 716 2449 sq.:

338 2489 518 2572 ἐρρέτω(
477 2485 509 2552 ἀ
500 2489 607 2572 γἠ·λαί
629 2482 735 2553 ὁδ’
721 2488 781 2574 εμῄ
806 2483 907 2572 ίὸτητι
930 2489 1071 2563 σοιωδείς

338 2587 497 2674 ἀσκηῖνής,
521 2515 593 2656 ίναη
596 2591 624 2656 οἱ
646 2591 740 2678 ἳινμῷ
765 2590 864 2676 φίλον,
891 2592 971 2654 dtu
993 2591 1104 2668 νέοιτο,

183 2718 216 2772 et
239 2706 301 2772 Ov.
326 2731 356 2771 v.
381 2714 420 2776 37
445 2729 507 2794 sq:

288 2847 289 2854 ¹
314 2829 357 2892 ‘di
379 2829 514 2893 meliora
537 2829 647 2894 velint.
671 2851 865 2915 quamquam
888 2851 952 2894 nou
973 2831 1036 2892 ista
1057 2827 1231 2914 precanda,

312 2933 371 2996 sed
392 2932 543 2998 facienda
564 2932 652 2996 mihi'
676 2931 775 3020 (adde
798 2956 829 2996 v.
854 2937 896 3000 24
918 2935 989 3019 sq).

183 3053 250 3118 Sed
285 3055 311 3117 si
348 3053 396 3117 illi
432 3054 611 3118 subsidium
648 3053 746 3135 ferat,
791 3053 884 3139 prodi
922 3073 941 3114 a
977 3075 1011 3116 se
1049 3061 1199 3137 parentes
1239 3061 1369 3139 reputat

182 3157 245 3242 Ap.
268 3181 300 3220 v.
324 3161 386 3226 793
410 3180 493 3243 sqq:

454 3282 510 3346 καί
533 3283 587 3346 κέν
613 3307 651 3366 με
675 3277 727 3346 διὰ
751 3275 912 3362 στόματος
935 3281 1104 3365 φορέουσαι

337 3385 490 3469 Κολχίδες
513 3379 641 3460 ἀλλνδις
666 3377 758 3450 ἀλλαι
782 3380 895 3450 ἀεικέα
919 3378 1136 3468 μωμήσονται·

338 3483 410 3571 ἥτις
432 3489 591 3572 κηδομένη
614 3483 705 3552 τόσον
729 3483 839 3572 ἀνέρος
862 3483 1052 3552 ἀλλοδαποῖο

339 3585 512 3668 notatae,
537 3586 608 3674 ἥτις
632 3593 722 3673 δῶμα
745 3589 801 3656 καί
824 3585 877 3666 οὓς
898 3585 1012 3677 ᾔσχυνε
1036 3591 1159 3676 τοκῆας

339 3690 517 3781 μαργοσύνῃ
540 3693 662 3772 εἴξασα.
682 3695 714 3758 τί
734 3691 759 3758 δ’
777 3689 833 3759 οὐκ
851 3689 923 3776 ε’μόν
941 3695 1068 3758 ἔσσεται
1084 3688 1210 3779 αἶσχος,

183 3821 217 3875 et
240 3810 302 3875 Ov.
325 3835 357 3874 v.
381 3817 421 3880 38
444 3833 505 3900 sq.:

647 3933 833 4018 ‘prodamne
857 3953 917 4016 ego
940 3954 1042 4015 regna
1063 3932 1216 4018 parentis,

338 4046 434 4122 atque
458 4059 518 4122 ope
542 4037 650 4101 neseio
674 4038 744 4122 quis
767 4035 948 4100 servabitur
971 4035 1099 4100 advena
1121 4034 1270 4117 nostrat,

183 4161 420 4242 mufflm:

270 4283 358 4361 ‘ergo
382 4299 442 4361 ego
465 4299 654 4362 germanam
675 4276 872 4364 fratremque
895 4284 1085 4364 patremque
1110 4277 1251 4364 deosque

271 4392 304 4444 et
325 4381 433 4446 natale
456 4382 558 4446 solum
581 4382 686 4446 ventis
708 4380 817 4444 ablata
837 4381 1057 4466 relinquami’.
