3242 4860
706 330 943 395 —108-

234 497 320 561 diam
352 499 420 562 sivo
447 499 489 562 ad
512 497 632 585 Cypria
654 499 807 578 redeunt,
840 520 921 584 quae
945 498 1030 562 Naso
1054 499 1201 574 versibus
1223 500 1285 565 illis
1309 501 1416 564 tradit.

233 601 334 666 Simul
364 611 472 666 autem
503 623 546 665 ex
577 601 622 666 eis
652 611 800 688 apparet,
831 624 927 687 quam
957 599 1156 666 celebratum
1178 603 1259 667 illud
1280 605 1418 668 nominis

234 702 416 769 Alexandri
445 705 659 796 veriloquium
687 705 798 770 fuerit:
829 727 904 768 nam
933 704 1082 769 videmus
1111 704 1266 771 Ovidium
1291 706 1418 772 Paridis

234 817 357 871 tantum
387 809 515 872 nomine
545 808 652 873 adhuc
675 829 801 894 semper
824 808 920 872 allato
944 817 1053 873 tamen
1076 808 1137 873 hoc
1160 832 1258 874 versu
1279 811 1417 876 alterum

233 912 302 974 eius
334 933 452 975 nomen
486 921 559 976 ante
589 912 623 975 in
652 911 789 997 epistula
817 934 974 998 nusquam
1005 923 1193 999 usurpatum
1222 935 1261 978 ac
1289 937 1330 979 ne
1362 914 1417 978 hic

234 1013 366 1098 quidem
389 1013 510 1080 diserte
531 1024 753 1102 nuncupatum
776 1025 920 1100 tangere.
933 1016 957 1101 ¹)

319 1117 406 1183 Huic
428 1119 499 1183 loco
522 1119 673 1202 subiungi
694 1117 793 1183 liceat
816 1118 895 1183 duos
918 1117 1011 1201 alios,
1041 1120 1157 1205 quibus
1180 1119 1318 1185 Ovidius
1342 1143 1415 1185 cum

233 1221 389 1307 Euripide
406 1224 582 1309 conspirat:
598 1231 734 1286 vocatur
746 1222 831 1286 enim
842 1221 933 1288 Paris
945 1222 987 1287 ab
1000 1245 1037 1288 eo
1050 1222 1189 1287 Idaeus
1201 1246 1251 1308 ep.
1265 1223 1341 1288 XVI
1352 1230 1416 1293 303

234 1325 287 1405 (cl.
311 1324 394 1389 VIII
416 1331 467 1394 73.
502 1325 579 1390 XIX
602 1331 673 1394 171.
703 1325 774 1390 fast.
797 1311 848 1389 VI
867 1330 938 1408 44):
969 1326 1055 1412 quod
1082 1349 1200 1391 nomen
1226 1351 1300 1392 eum
1328 1327 1416 1410 inde,

233 1429 309 1513 quia
336 1429 371 1492 in
399 1428 460 1492 Ida
488 1429 645 1494 educatus
675 1439 738 1509 est,
774 1430 951 1515 suscepisse
980 1429 1152 1517 Euripides
1182 1440 1318 1496 testatur
1343 1429 1415 1516 Iph.

232 1531 273 1596 A·
292 1536 388 1601 1290:
416 1532 555 1612 Ἰδαῖος
578 1533 696 1618 ἐλέγετ’
720 1533 837 1618 ebe'pet'
854 1537 884 1601 ἐν
902 1538 1030 1622 Φρυγῶν
1046 1532 1134 1604 πόλει
1149 1533 1205 1622 (cf.
1220 1533 1323 1598 Andr.
1342 1539 1414 1603 706.

232 1635 315 1700 Hec.
331 1641 404 1706 944.
427 1635 502 1700 Hel.
519 1636 597 1724 29.).
620 1634 664 1700 ΑΙ
680 1658 734 1700 ero
750 1646 858 1700 autem
873 1635 955 1719 loco,
971 1637 1028 1701 ubi
1043 1636 1133 1701 Paris
1148 1660 1265 1722 greges
1280 1659 1417 1724 pascens

233 1739 274 1802 ab
297 1738 433 1804 Oenone
447 1740 568 1803 Priami
590 1761 722 1803 servus
745 1739 925 1824 appellatur
948 1741 1012 1828 (ep.
1029 1740 1059 1805 V
1077 1740 1140 1828 12),
1163 1751 1279 1827 poetae
1302 1740 1417 1805 obver-

233 1853 320 1908 satus
343 1843 474 1908 videtur
496 1842 641 1907 eiusdem
658 1842 858 1925 Alexander,
880 1843 915 1907 in
937 1865 1010 1930 quo,
1034 1844 1105 1930 quis
1124 1867 1141 1908 e
1158 1844 1335 1909 certamine
1351 1844 1417 1930 pal-

233 1969 318 2010 mam
348 1947 577 2033 reportaverit,
606 1947 737 2010 nuntius
758 1946 885 2011 Priamo
910 1947 1001 2012 dicit:
1033 1947 1213 2018 δούλοισι
1236 1947 1296 2036 γὰρ
1321 1949 1325 2032 l
1349 1960 1417 2028 τοῖς

234 2062 313 2120 σοῖσι
335 2054 436 2140 νικᾷς,
459 2061 527 2130 τοῖς
550 2049 575 2117 δ’
600 2055 807 2140 ἐλευὶνέροισιν
831 2049 865 2120 ot
889 2049 980 2138 (lgm.
1003 2057 1044 2120 47
1068 2051 1154 2139 N2).·

319 2153 389 2217 Nec
412 2175 477 2218 non
500 2175 582 2238 quae
605 2154 644 2217 de
658 2154 781 2216 Perside
802 2156 836 2216 a’a
858 2155 983 2218 domam
1001 2157 1145 2240 patriam
1159 2167 1282 2240 recepto
1297 2164 1416 2235 narrat,

235 2256 388 2320 Ovidium
411 2256 598 2340 tragoediae
623 2255 744 2320 debere
768 2257 920 2342 suspicor,
945 2279 995 2344 ep.
1019 2257 1102 2322 XVI
1123 2263 1164 2328 89
1187 2281 1251 2344 sq.:

389 2377 533 2459 interea,
557 2374 666 2457 credo,
690 2377 792 2440 versis
814 2377 857 2440 ad
878 2373 1031 2463 prospera
1053 2377 1127 2442 fatis

438 2480 546 2564 regius
569 2500 726 2564 agnoscor
747 2502 807 2566 per
828 2489 899 2544 rata
921 2481 1013 2565 signa
1034 2481 1134 2566 puer',

234 2593 267 2648 et
288 2607 319 2648 v.
343 2589 383 2654 51
409 2606 469 2670 sq.:

389 2687 501 2752 ‘forma
515 2689 672 2775 vigorque
688 2688 795 2768 animi,
813 2688 960 2773 quamvis
976 2687 1017 2752 de
1031 2687 1129 2773 plebe
1145 2687 1291 2768 videbar,

439 2791 594 2855 indicium
617 2800 724 2854 tectae
747 2790 924 2856 nobilitatis
947 2791 1034 2873 erat',

236 2905 321 2958 etv.
345 2901 382 2964 91
409 2917 472 2980 sq.:

389 2998 485 3062 ‘laeta
500 2997 612 3062 domus
627 3007 702 3061 nato
717 3020 778 3083 per
793 3008 938 3084 tempora
953 2998 1050 3081 longa
1064 3007 1197 3082 recepto
1214 3006 1271 3078 est,

441 3100 532 3164 addit
548 3111 581 3165 et
595 3100 638 3165 ad
653 3101 751 3166 festos
766 3102 854 3165 hunc
870 3123 998 3188 quoque
1015 3100 1113 3166 Troia
1128 3099 1233 3164 diem’.

235 3239 382 3325 Namque
406 3239 520 3304 eadem
543 3239 622 3321 fere,
646 3263 762 3326 nempe
787 3263 829 3303 ex
850 3239 913 3303 illis
935 3238 1103 3325 Sophoclis
1122 3237 1348 3323 Euripidisque
1372 3235 1418 3298 fa-

236 3342 320 3407 bulis
344 3342 533 3429 deprompta
544 3343 569 3429 ²)
575 3393 583 3424 ‚
613 3344 647 3406 in
672 3342 766 3407 brevi
789 3353 964 3429 conspectu
986 3343 1137 3428 Hyginus
1159 3341 1249 3427 ponit
1270 3339 1336 3404 fab.
1359 3345 1417 3408 91:

237 3446 337 3510 ‘Paris
367 3468 441 3510 cum
471 3446 513 3508 ad
540 3447 698 3532 puberem
729 3457 868 3510 aetatem
896 3446 1113 3533 pervenisset,
1147 3445 1262 3509 habuit
1291 3453 1418 3507 taurum

236 3550 269 3613 in
292 3547 433 3634 deliciis;
457 3572 519 3635 quo
544 3571 618 3612 cum
640 3547 794 3612 satellites
817 3549 904 3612 missi
928 3548 1088 3614 aPriamo
1110 3558 1146 3612 ut
1160 3558 1288 3614 taurum
1304 3545 1419 3632 aliquis

323 3757 343 3826 ¹)
361 3759 503 3812 Difficilius
521 3758 681 3826 perspicitur
699 3757 895 3824 interpretatio,
921 3773 1000 3825 quam
1018 3755 1127 3810 Ovidius
1146 3756 1342 3810 Alexandrinos
1360 3755 1419 3807 imi-

236 3850 317 3908 tatus
335 3847 460 3913 proponit
478 3845 591 3899 nominis
609 3843 704 3897 Aconti
723 3859 764 3911 ep.
783 3842 850 3895 XXI
867 3843 919 3896 209
937 3859 988 3910 sq.:

443 3949 575 4012 mirabar,
593 3962 674 4015 quare
691 3947 740 4000 tibi
758 3962 854 4000 nomen
872 3944 1000 4000 Acontius
1019 3951 1102 4000 esset:

511 4035 581 4103 quod
598 4032 679 4086 iaciat
696 4032 773 4100 longe
792 4031 894 4096 vulnus,
913 4047 1023 4086 acumen
1040 4032 1141 4086 habes'.

237 4139 270 4194 cl.
283 4137 390 4208 Dilthey
408 4157 433 4206 p.
451 4139 493 4192 ta
523 4137 594 4192 Addi
612 4137 675 4190 licet
693 4135 787 4204 ἔτυμα,
805 4150 872 4203 quae
891 4135 1105 4203 perstringuntur
1122 4141 1263 4202 praeterea
1279 4135 1313 4188 ab
1326 4133 1420 4188 Ovidio

238 4242 289 4278 arn.
308 4225 321 4277 I
339 4227 368 4289 8,
388 4226 405 4276 2
423 4224 466 4291 (cf.
484 4225 564 4291 Prop.
582 4221 622 4276 IV
639 4221 670 4287 5,
690 4223 705 4275 1
724 4220 782 4290 sq).
799 4221 841 4274 III
859 4220 888 4288 9,
907 4222 931 4274 3.
950 4225 999 4274 art.
1018 4219 1105 4274 1116.
1124 4221 1192 4273 trist.
1211 4219 1250 4274 IV
1268 4220 1292 4286 4,
1312 4219 1345 4274 56
1363 4237 1419 4288 sqq.

239 4318 265 4369 et
283 4327 299 4363 a
316 4311 434 4378 Vergilio
452 4311 518 4364 Aen.
538 4307 605 4362 VIII
622 4309 673 4361 322
692 4325 729 4376 sq.
748 4315 774 4360 et
792 4323 808 4361 a
826 4307 966 4373 Propertio
985 4305 1022 4358 IV
1042 4307 1065 4372 7,
1086 4307 1118 4360 75
1137 4324 1192 4376 sqq.

324 4397 346 4462 2)
365 4396 403 4449 cf.
423 4395 550 4450 Welcker
569 4393 665 4464 ‘Trag’
684 4410 708 4462 p.
728 4393 779 4444 100
804 4391 862 4446 tea.
882 4393 932 4445 472
951 4399 977 4445 et
996 4392 1119 4447 Ribbeck
1137 4392 1234 4462 ‘Trag’
1251 4409 1276 4462 p.
1296 4393 1337 4446 81.
